2646 4292
2162 112 2327 160 xxxx

152 211 455 285 Parifienfi
474 218 768 289 Professor
790 224 868 289 ab
894 243 1053 287 anno
1086 223 1230 306 1683
1259 222 1333 285 ad
1361 224 1531 301 1708,
1546 225 1776 305 primus
1791 226 1968 289 etiam
1992 227 2332 308 generalem

154 321 498 387 methodum
539 327 697 388 reete
735 325 1087 390 delineatam
1113 372 1132 401 ‚
1178 324 1484 407 praemiffis
1524 325 1707 406 longe
1751 326 2223 410 praestantiorem
2264 331 2328 390 &

88 434 99 449 ¹
150 420 456 486 Botanicis
491 430 896 510 acceptiorem
934 427 1223 505 exhibuit.
1250 427 1351 490 De
1385 426 1581 488 studio
1615 427 1986 509 explanando
2020 428 2081 488 δι
2116 427 2329 508 plantis

148 523 379 588 idcirco
415 529 740 591 commode
773 549 843 591 ac
869 530 1240 611 aequabiliter
1277 529 1621 590 ordinandis
1647 528 1971 609 praesertim
2004 527 2289 591 sollicitus
2310 575 2330 605 ,

146 626 255 687 suae
297 626 745 691 fundamentum
791 630 1227 691 distributionis
1265 627 1465 711 posuit
1501 629 1562 689 in
1598 628 1833 690 corolla
1875 629 2064 711 (seu,
2104 645 2170 689 ut
2209 633 2321 705 ait,

146 727 340 811 flore)
375 730 589 812 utpote
628 729 1069 806 manifestiore,
1107 730 1265 811 apud
1304 730 1549 810 vulgum
1586 730 1996 811 praestantiore
2038 730 2103 788 δι
2139 729 2326 811 pluri·

152 848 285 890 mos
326 827 657 892 sufficiente
696 832 1025 893 carasteres
1068 829 1246 892 facile
1289 829 1701 892 observandos
1725 875 1746 904 ‚
1787 830 2013 892 scilicet
2048 829 2327 893 existente

146 947 245 992 aut
277 930 447 992 nulla
472 975 495 1002 ,
540 931 788 1014 fimplici
829 948 933 995 aut
970 932 1129 993 intra
1180 932 1422 994 calicem
1456 948 1835 995 communem
1876 931 2190 1012 multiplici
2226 932 2324 993 seu
2403 990 2408 993 .
2470 973 2478 984 -

150 1031 517 1114 composita,
562 1033 949 1115 monopetala
992 1048 1096 1095 aut
1132 1032 1478 1114 polypetala
1506 1079 1524 1107 ‚
1566 1034 1814 1113 regulari
1850 1050 1949 1095 aut
1992 1033 2329 1112 irregulari.

148 1130 209 1193 A
225 1132 523 1194 Veterum
554 1148 752 1195 tamen
782 1132 1061 1194 institutis
1087 1132 1354 1195 nondum
1380 1132 1630 1194 omnino
1653 1132 1996 1204 deflefflns,
2019 1134 2320 1214 antiquam

148 1226 474 1315 praeposuit
510 1233 830 1296 herbarum
871 1234 934 1296 δι
977 1236 1265 1295 arborum
1296 1233 1729 1296 diffinfflonem
1754 1280 1773 1309 ‚
1807 1248 1931 1311 non
1969 1236 2070 1296 uni
2113 1235 2324 1299 severe

149 1333 410 1396 addiRus
449 1334 641 1416 parti,
677 1336 743 1397 &
786 1334 925 1395 dein
960 1332 1162 1396 claffes
1202 1334 1533 1396 herbaceas
1560 1334 2013 1414 septemdecim,
2060 1337 2324 1418 quinque

150 1438 434 1499 arboreas
477 1437 748 1517 protulit.
783 1437 981 1499 Prima
1012 1437 1221 1499 harum
1258 1437 1323 1498 &
1356 1436 1586 1499 illarum
1632 1437 1877 1517 partitio
1915 1438 2087 1499 datur
2121 1439 2182 1498 in
2224 1459 2325 1520 pe-

152 1538 377 1603 ralodes
407 1537 513 1602 seu
554 1539 788 1601 corolla
815 1537 1117 1600 instrustas
1146 1539 1209 1601 δι
1236 1539 1496 1620 apetalas
1532 1538 1740 1601 eadem
1766 1541 2007 1601 orbatas
2026 1587 2044 1616 ‚
2064 1540 2322 1601 secunda

154 1641 495 1723 petalodum
528 1642 590 1702 in
636 1640 931 1720 simplices
966 1642 1031 1703 δι
1062 1640 1424 1724 compositas
1447 1689 1466 1718 ‚
1510 1642 1687 1702 tertia
1715 1638 2065 1720 simplicium
2094 1642 2155 1701 in
2183 1660 2325 1702 mo-

149 1742 455 1823 nopetalas
474 1743 540 1804 δι
567 1743 947 1824 polypetalas
965 1785 987 1813 ,
1016 1759 1222 1824 quarta
1256 1759 1644 1823 utrarumque
1675 1743 1735 1801 in
1770 1742 2064 1821 regulares
2089 1743 2153 1803 δι
2172 1744 2323 1804 irre-

144 1824 427 1922 ⁰gula'res3
463 1843 671 1924 quinta
710 1861 787 1904 ex
827 1841 1068 1903 diversa
1104 1842 1377 1903 omnium
1413 1839 1608 1913 forma
1649 1840 1973 1903 deducitur.
2009 1842 2215 1903 Altera
2260 1844 2321 1903 in

153 1942 412 2023 Apetalis
433 1943 498 2005 δι
520 1942 890 2027 CompositIs
907 1941 1173 2004 habetur
1195 1941 1504 2004 divisionis
1531 1941 1686 2003 ratio
1718 1939 1871 2002 infra
1896 1943 2299 2005 memoranda.

230 2041 532 2107 Praemisfis
592 2045 776 2126 igitur
827 2045 1137 2108 herbaceis
1189 2042 1565 2126 petalodibus
1609 2042 1970 2123 simplicibus
2023 2044 2324 2125 prodeunt

144 2141 208 2207 in
246 2145 439 2228 primi
474 2145 645 2219 classe
670 2145 923 2210 corollae
961 2146 1366 2228 monopetalae
1403 2145 1706 2227 regulares
1737 2144 2187 2225 Campanifbrrnes
2217 2145 2320 2208 seu

147 2262 442 2329 campanae
480 2249 737 2329 patentis
769 2266 872 2312 aut
906 2247 1201 2312 tubulosae
1233 2263 1336 2310 aur
1366 2246 1630 2329 globosae
1653 2243 1908 2307 formam
1939 2247 2321 2323 aemulantes;

149 2350 211 2412 in
245 2350 502 2413 secunda
538 2352 761 2415 eaedem
800 2354 1097 2435 regulares
1124 2351 1657 2434 Infimdibulisormes
1689 2350 1790 2412 seu
1815 2348 2189 2412 infundibulo
2214 2365 2323 2411 aut

148 2451 569 2534 hypocraterae
609 2472 713 2517 aut
751 2472 904 2518 rorae
957 2453 1305 2518 conformes
1323 2474 1344 2529 3
1382 2455 1443 2515 in
1485 2442 1661 2516 teftia
1701 2447 1926 2514 eaedem
1972 2451 2326 2531 irregulares

147 2555 460 2627 Anomalae3
503 2555 700 2618 forma
743 2556 1062 2638 plurimum
1111 2556 1341 2631 variae,
1382 2553 1600 2616 fruaui
1642 2552 1926 2635 capsulari
1969 2551 2320 2634 praemiffae3

150 2653 207 2716 in
246 2658 465 2738 quarta
512 2657 736 2720 eaedern
774 2658 1132 2738 irregulares
1158 2658 1402 2718 Labiatae
1439 2655 1537 2719 seu
1576 2654 1767 2717 limbo
1809 2652 1970 2736 quasi
2004 2652 2327 2731 bilabiato‚
2417 2723 2428 2742 ο

148 2754 332 2820 ἱτιιᾶυ
359 2759 651 2841 praeterea
679 2758 1067 2839 tetraspermo
1101 2758 1265 2820 nudo
1284 2780 1304 2833 3
1346 2758 1408 2819 in
1445 2757 1653 2840 quinta
1685 2755 1931 2818 corollae
1964 2751 2330 2836 polypetalae‘

143 2861 448 2940 regulares
475 2861 823 2940 Cruciffirmes
840 2906 861 2936 ‚
885 2860 991 2921 seu
1012 2858 1380 2941 tetrapetalae
1400 2843 1614 2940 petalis
1635 2857 1694 2917 in
1716 2874 1953 2917 crucem
1972 2853 2284 2918 decussatis
2308 2877 2331 2930 3
2418 2849 2433 2872 ¹

145 2957 205 3019 in
233 2959 398 3021 sexta
435 2960 664 3024 eaedem
688 2960 941 3042 Rofhceae
968 2959 1178 3040 petalis
1200 2958 1415 3040 saepius
1431 2958 1691 3039 quinque
1707 3000 1727 3029 ‚
1747 2954 2042 3017 interdum
2064 2954 2332 3038 pluribus

142 3078 242 3122 aut
278 3062 712 3144 paucioribus,
749 3063 810 3123 in
855 3060 1081 3123 Rosam
1125 3060 1460 3142 dispositis3
1491 3062 1550 3119 in
1589 3057 1841 3139 septima
1884 3058 2147 3127 rosaceae
2185 3076 2331 3139 pen·

141 3164 412 3246 tapetalae
459 3165 815 3246 Umbellisbrae
862 3163 964 3226 seu
1021 3163 1374 3246 pedunculis
1423 3160 1697 3223 unifloris
1735 3160 1797 3221 in
1831 3159 2150 3222 umbellam
2198 3157 2332 3220 col-

136 3263 293 3327 leffis
323 3266 390 3327 &
426 3265 626 3327 sruRu
665 3264 858 3327 infero
895 3263 1199 3346 dispermo
1243 3263 1457 3338 nudo3
1493 3263 1553 3323 in
1592 3260 1806 3324 ociava
1840 3258 2209 3343 polypetalae
2236 3280 2333 3322 re·

137 3369 373 3446 gulares
398 3367 835 3451 Catyophylleae,
857 3365 1071 3448 petalis
1090 3385 1165 3428 ex
1185 3367 1309 3426 imo
1328 3365 1509 3426 calice
1533 3361 1819 3425 tubuloso
1844 3360 2078 3455 emersis
2099 3360 2335 3442 longius

135 3468 585 3549 unguiculatiS,
616 3484 682 3529 ut
720 3468 781 3529 in
821 3467 1100 3530 Diantho
1140 3468 1241 3530 seu
1290 3466 1723 3552 Caryophyllo
1771 3463 2076 3544 vulgatius
2125 3453 2334 3536 diam

136 3569 200 3633 in
237 3572 403 3634 nona
443 3571 672 3633 eaedem
690 3570 941 3632 Liliaceae
977 3572 1081 3632 seu
1106 3569 1269 3631 Lilio
1297 3567 1688 3639 conformeS,
1724 3566 1801 3627 tri
1830 3580 1934 3627 aut
1967 3563 2335 3646 hexapetalae

134 3690 239 3736 aut
265 3675 504 3737 tantum
539 3671 778 3736 sexfidae
800 3717 817 3746 ‚
853 3672 1043 3734 frufiiu
1080 3670 1300 3753 supero
1334 3685 1439 3733 aut
1472 3668 1668 3731 infero
1698 3668 1926 3748 semper
1955 3666 2336 3741 triloculari3

135 3774 481 3837 in-decima
517 3773 876 3858 polypetalae
913 3772 1268 3854 irregulares
1295 3771 1696 3854 Papilionaceae
1721 3767 1933 3849 petalis
1964 3767 2336 3828 diffimilibus

136 3881 160 3952 ί
185 3875 479 3941 vexillum
498 3925 519 3954 ,
554 3876 664 3942 alae
683 3923 707 3954 ,
735 3875 980 3958 carina)
1021 3875 1382 3958 papilionem
1409 3871 1784 3935 imitantibus
1813 3869 1875 3932 δι
1899 3869 2090 3933 ἷτυᾶὶυ
2117 3868 2336 3952 supero

453 4045 475 4090 t
