2646 4292
2143 134 2265 210 κη)

121 254 212 301 avt
244 255 517 305 crettatus
547 248 653 304 aut
682 243 998 313 dentatus,
1025 260 1130 307 aut
1158 246 1335 308 acute
1366 244 1679 310 laciniatus
1715 246 1816 312 seu
1850 252 2141 331 multifidus
2167 272 2272 317 aut

119 341 313 403 obtuse
336 345 548 404 lob-acics
572 363 827 406 nurnero
849 344 1094 408 definito
1121 348 1218 409 vel
1238 347 1573 424 indefinito,
1593 350 1831 429 aequalis
1849 369 1949 412 aut
1969 353 2270 434 inaequalis

121 458 205 501 aut
231 428 548 507 interdum
593 447 953 526 irregularis.
994 447 1208 512 Altero
1250 450 1493 511 nomine
1530 448 1704 512 datur
1744 451 1897 512 calix
1943 454 2001 514 in
2049 444 2278 518 Musei&

118 545 417 622 peculiaris
452 550 808 627 perichaetium
845 549 1030 622 dicius
1062 551 1155 623 ab
1178 570 1393 613 eorum
1427 550 1699 633 calyptra
1729 552 2174 625 diversiffimuS‚
2212 556 2273 616 in

120 642 313 725 fungis
342 649 525 709 volva
566 649 1017 712 membranacea
1051 651 1250 713 calicis
1285 652 1463 714 instar
1503 652 1746 733 fungum
1783 652 2079 734 juniorem
2120 656 2275 737 (εμὲ

126 738 360 817 iovem,
412 749 477 808 in
523 749 907 823 Amentaceis
939 749 1282 830 quibusdam
1313 751 1545 833 squama
1577 752 1951 819 deficientem
2003 753 2278 837 supplens

126 845 341 908 calicem
366 892 386 921 ,
433 848 495 909 in
539 850 872 930 aggregatis
909 849 1161 913 floribus
1197 852 1350 915 calix
1382 855 1717 915 communis
1748 853 2122 917 multiflorus.

182 947 424 1010 Corona
445 994 465 1023 ,
494 951 748 1017 interius
778 967 1054 1032 tegumen
1071 994 1090 1023 ,
1119 971 1195 1013 ex
1212 952 1372 1013 libro
1394 954 1708 1035 pedunculi
1728 973 1863 1017 nata
1883 1002 1902 1029 ,
1926 958 2275 1037 plerumque

120 1049 366 1112 colorata
401 1095 421 1126 ,
480 1051 545 1112 in
591 1051 940 1133 quibusdam
996 1051 1210 1133 plantis
1263 1052 1422 1115 nulla
1456 1067 1485 1094 ⁴
1512 1098 1548 1128 ,,
1568 1054 1814 1116 existens
1846 1056 1907 1115 in
1951 1057 2217 1137 pluribus
2250 1104 2275 1132 ‚

112 1150 240 1211 ante
278 1149 765 1221 secundationem
805 1153 1017 1234 vigens
1047 1200 1067 1229 ,
1108 1154 1352 1237 posthac
1393 1154 1606 1237 saepiiis
1629 1136 1860 1217 'decidua
1900 1176 2036 1218 cum
2075 1158 2277 1219 stami-

118 1250 317 1320 nibus,
352 1268 458 1313 ant
502 1253 696 1314 rariiis
724 1257 929 1314 caduca
954 1253 1092 1335 ipsis
1122 1252 1431 1333 fugacior,
1461 1272 1562 1318 aut
1596 1256 1890 1317 interdum
1920 1258 2274 1338 perfistendo

119 1352 421 1432 mnesteus
439 1353 505 1414 &
523 1371 671 1415 tunc
691 1355 956 1416 calicinae
989 1356 1192 1436 potins
1218 1357 1394 1438 quam
1420 1358 1692 1439 petalinae
1710 1357 1928 1419 indolis
1951 1359 2235 1440 particeps
2252 1405 2277 1435 ‚

120 1450 399 1534 discrepat
423 1453 659 1535 insuper
696 1469 777 1516 10.
806 1458 1040 1520 ratione
1061 1458 1203 1522 fitfis
1220 1506 1240 1532 ‚
1260 1460 1471 1541 utpote
1485 1461 1747 1543 perigyna
1769 1460 1871 1522 seu
1893 1459 2072 1520 infixa
2106 1460 2277 1521 calici

119 1568 345 1632 germen
374 1556 666 1619 ambienti
694 1604 714 1632 ,
750 1575 855 1620 aut
884 1561 1111 1641 epigyna
1145 1560 1357 1641 pistillo
1389 1560 1659 1643 impofita
1676 1606 1696 1635 ‚
1725 1578 1829 1622 aut
1860 1562 2147 1640 hypogyna
2170 1560 2273 1622 sub

128 1727 2273 1763 Ἣ*

188 1865 220 1894 ⁴
244 1856 656 1927 Tegumentum
693 1853 886 1920 floris,
929 1851 1062 1911 dum
1099 1852 1245 1913 adest
1283 1854 1541 1925 unicumss
1576 1852 1696 1911 aliis
1722 1851 1896 1924 calix,
1929 1851 2048 1909 aliis
2070 1854 2278 1911 corolla

124 1966 451 2019 nuncupatur
505 1945 795 2005 atbitrarii
837 1945 975 2021 lege.
1022 1940 1441 2007 Tournefottius
1486 1948 1543 2005 in
1586 1944 1816 2021 Isagoge
1860 1967 1911 2017 p.
1956 1967 2028 2017 72
2067 1945 2275 2007 nodum

119 2062 233 2101 non
267 2040 423 2102 solvit
452 2045 690 2102 incertus
717 2039 831 2116 ipse
851 2087 870 2114 ‚
905 2044 1157 2117 eamdem
1191 2061 1401 2115 partem
1436 2045 1492 2101 in
1528 2041 1805 2113 Tulipa&
1832 2041 2149 2113 Hyacintho
2178 2066 2280 2103 co·
2365 2078 2368 2081 Δ

124 2139 352 2211 tollam,
389 2143 445 2200 in
484 2137 740 2200 Narcisso
776 2146 826 2198 δι
865 2135 1010 2199 Iride
1053 2140 1279 2199 calicem
1304 2139 1602 2212 appellans.
1628 2140 1818 2198 Statuit
1845 2158 2028 2197 tamen
2063 2160 2164 2212 pro
2190 2162 2279 2199 ca-

124 2234 220 2294 lice
248 2234 561 2295 habendum
607 2234 715 2296 effe
756 2235 875 2294 ctim
912 2237 1195 2308 proprium
1228 2234 1291 2294 fit
1327 2232 1548 2294 seminis
1571 2236 1912 2295 involucrum
1933 2283 1950 2306 ,
1973 2256 2073 2308 pto
2093 2237 2280 2307 petalis

120 2330 237 2390 etim
270 2328 418 2391 sectis
450 2333 682 2400 accidit,
742 2328 846 2389 five
887 2330 1042 2390 brevi
1086 2349 1270 2402 pereat
1302 2329 1407 2388 five
1443 2330 1618 2390 duret.
1654 2333 1892 2390 Linnaeus
1919 2329 2158 2390 {imiliter
2180 2351 2281 2388 an-

121 2446 241 2498 ceps
281 2448 420 2486 nunc
460 2426 682 2486 calicem
715 2424 1001 2483 Hellcbori
1034 2444 1130 2496 pto
1160 2423 1371 2482 corolla
1406 2432 1459 2483 δε
1493 2419 1736 2498 ejusdem
1773 2425 1950 2496 petala
1985 2430 2281 2484 Ranuncu-

121 2522 280 2581 lactis
322 2524 511 2596 petalis
532 2522 766 2582 omnino
805 2521 987 2579 affinia
1022 2540 1122 2593 pro
1148 2522 1397 2579 nectariis
1428 2517 1593 2579 sumit
1615 2567 1634 2592 ‚
1674 2541 1816 2580 nunc
1840 2539 2107 2596 organum
2133 2520 2279 2578 idem

122 2619 246 2678 dicit
282 2620 546 2679 corollam
583 2621 639 2676 in
674 2617 836 2678 Rheo
864 2664 883 2690 ‚
930 2618 1160 2676 calicem
1199 2618 1256 2674 in
1294 2619 1524 2675 Rumice
1550 2659 1567 2683 ,
1603 2613 1922 2688 posthabitis
1956 2614 2280 2676 affinitatum

126 2714 440 2774 rationibus.
484 2699 608 2773 Nec
644 2712 916 2772 feliciores
955 2714 1052 2771 alii
1096 2710 1246 2770 fuete
1285 2713 1342 2770 in
1378 2709 1688 2771 definienda
1726 2711 1953 2772 cotollz‘i.
1997 2716 2049 2772 Si
2095 2731 2281 2775 tamen

127 2815 233 2886 eius
257 2813 419 2886 origo
441 2819 492 2870 &
517 2824 717 2885 magna
753 2828 875 2867 cum
905 2805 1224 2865 staminibus
1262 2809 1527 2882 cognatio
1550 2814 1603 2865 &
1629 2804 1752 2864 usus
1785 2815 1837 2865 δι
1866 2804 2041 2868 facilis
2067 2812 2280 2882 peraeta

125 2905 504 2966 secundatione
540 2904 805 2979 prolapfio
844 2912 897 2963 8(
924 2902 1144 2962 habitus
1181 2906 1236 2961 in
1274 2903 1517 2977 pluribus
1548 2902 1775 2961 floribus
1810 2906 2152 2963 communior
2198 2927 2283 2966 at-

126 3003 265 3063 texite
302 3002 697 3075 perpendantur
722 3048 741 3072 ,
778 3020 906 3059 tunc
940 3000 1154 3057 corolla
1194 2997 1483 3058 definietur
1519 2997 1655 3058 illud
1678 3000 1827 3057 floris
1854 3018 2110 3075 tegumen
2134 3004 2282 3075 qnod

122 3101 287 3159 calice
310 3099 548 3157 cinstnm
584 3116 678 3156 ant
720 3080 975 3156 tatiffime
1014 3094 1218 3155 nudum
1241 3140 1258 3165 ,
1296 3094 1588 3168 pedunculi
1627 3093 1772 3153 libro
1815 3116 1927 3154 non
1962 3097 2283 3169 epidetmidi

122 3198 475 3265 continuum,
512 3215 624 3253 non
663 3191 942 3265 petfistens
974 3189 1069 3248 sed
1099 3210 1226 3251 cum
1264 3188 1579 3252 staminibus
1616 3190 1929 3264 plerumque
1958 3191 2282 3265 deciduum,

129 3287 357 3350 finitum
396 3290 634 3351 involvit
676 3307 771 3347 aut
815 3307 1050 3348 coronat
1097 3335 1115 3360 ,
1160 3307 1441 3360 nunquam
1483 3306 1607 3345 cum
1651 3287 1770 3368 ipso
1814 3287 2199 3362 concrescenS,
2225 3300 2284 3349 8(

36 3431 65 3457 t,
126 3384 239 3448 snas
268 3406 451 3461 partes
487 3405 611 3444 cum
641 3383 963 3443 staminibus
1003 3404 1234 3443 numero
1269 3382 1563 3456 aequalibus
1598 3379 1784 3455 saepitis
1824 3385 2109 3444 alternans.
2149 3389 2286 3447 Haee

123 3487 409 3563 conjuncta
440 3481 588 3556 ligna
619 3479 889 3540 corollam
924 3478 1122 3538 certitis
1153 3475 1491 3568 distinguunt
1511 3496 1629 3550 quae
1661 3482 1913 3554 ptaeterea
1937 3482 1992 3538 in
2016 3482 2285 3559 ambiguis

124 3585 341 3646 floribus
386 3578 644 3654 :malogit‘i
686 3597 1056 3652 congenerum
1107 3575 1395 3650 judicatur.
1435 3573 1802 3634 Perianthium
1843 3578 2005 3649 igitur
2049 3578 2284 3639 Narciffi

123 3680 360 3751 undum,
390 3676 630 3754 germini
667 3672 925 3731 adnatnm
967 3679 1021 3729 8(
1071 3670 1232 3730 lobos
1270 3690 1382 3728 non
1424 3671 1695 3729 alternans
1743 3669 2096 3743 staminibuS,
2130 3693 2284 3731 verus

121 3775 195 3837 est
232 3777 374 3836 calix
412 3771 532 3846 ipso
569 3770 804 3831 docente
843 3769 1287 3840 Toutnefortio,
1322 3775 1377 3827 δι
1421 3765 1569 3824 idem
1611 3784 1760 3825 extat
1806 3767 2189 3846 consequenter
2220 3769 2280 3830 in

120 3868 434 3947 Hyacinthe
468 3865 698 3944 aliisque
739 3865 980 3927 Liliaceis
1024 3862 1272 3924 Narcisso
1308 3858 1767 3942 conjunctissimis·
