2646 4292
2194 247 2333 317 229

181 368 327 431 certe
373 384 509 451 quze
560 368 909 432 numerosas
949 368 1008 430 in
1045 369 1253 431 efidem
1288 368 1452 432 claffe
1497 367 1915 452 complectitur
1950 369 2176 450 plantas
2212 389 2336 430 uno

181 469 502 531 conformes
553 472 843 551 primario
889 471 1234 540 caractere,
1289 470 1672 552 plurimisque
1723 470 2084 532 secundariis
2126 469 2335 532 discre-

182 588 383 646 pantes.
439 571 585 632 Non
644 571 872 633 tantum
927 573 1083 634 enim
1142 572 1501 634 conficiendi
1552 572 1794 635 ordines
1842 572 1993 634 vere
2042 572 2341 632 naturales

177 670 446 750 certoque
499 670 823 749 defignati,
881 670 977 734 sed
1020 672 1085 732 ὃ(
1133 670 1311 734 iidem
1363 674 1576 734 mutuo
1629 672 1970 754 disponendi
2020 673 2103 731 ita
2144 687 2211 731 ut
2251 671 2340 746 fa7

180 768 294 830 cilis
326 772 400 831 ab
439 790 564 832 uno
607 772 681 832 ad
716 772 968 833 alterum
1005 774 1294 835 habeatur
1332 773 1697 854 progreffio‚
1735 793 1844 835 nec
1892 773 2010 835 ulla
2048 773 2198 833 inter
2240 793 2341 835 ex·-

179 885 394 937 tremos
412 871 718 954 utriusque
763 871 912 935 fines
951 874 1120 934 detur
1160 873 1427 935 absoluta
1469 874 1762 936 distinctio
1788 920 1807 949 ,
1853 873 2095 934 inversi
2139 872 2331 953 Syste-

179 973 521 1034 maticorum
583 973 869 1035 dochini.
920 974 1181 1037 Ordines
1230 990 1429 1035 autem
1474 975 1576 1035 alii
1631 975 1833 1036 faciles
1888 975 2008 1054 jam
2055 973 2335 1036 universe

175 1074 426 1152 accepti,
467 1074 571 1135 alii
614 1074 926 1155 operosius
961 1074 1293 1137 exstruendi
1321 1121 1340 1149 ,
1377 1095 1532 1157 quos
1572 1091 1769 1138 tamen
1810 1075 1855 1136 fi
1902 1076 2036 1157 quis
2079 1072 2335 1136 feliciter

175 1191 244 1234 ex
277 1175 515 1254 integro
555 1195 659 1236 aut
715 1175 930 1256 partim
980 1175 1206 1238 tantum
1254 1175 1642 1238 delin'eaverit
1671 1224 1689 1251 ,
1731 1178 1781 1239 is
1832 1178 1906 1240 de
1948 1196 2013 1239 re
2052 1175 2335 1239 botanica

157 1276 525 1354 promeruit,
577 1275 813 1337 licet'in
851 1295 1065 1337 eorum
1104 1276 1519 1339 distributione
1542 1298 1757 1359 anceps
1789 1265 2025 1340 haereat.
2067 1277 2334 1339 Stamina

172 1373 315 1436 intr&
356 1375 645 1438 corollam
694 1375 1102 1459 polypetalam
1153 1377 1489 1460 hypogyna
1534 1379 1883 1461 primarium
1938 1379 2221 1439 exhibent
2269 1377 2333 1438 in

170 1476 324 1539 claffe
361 1477 721 1539 caracterem
771 1496 898 1557 quo
944 1476 1114 1538 velut
1155 1480 1463 1541 communi
1500 1498 1656 1542 nexu
1697 1480 2052 1560 colligantur
2090 1478 2333 1540 ordines

171 1574 290 1655 plus
324 1577 500 1659 quium
544 1577 791 1646 viceni,
837 1575 1051 1638 additis
1094 1579 1272 1639 etiam
1318 1578 1589 1660 plurimis
1623 1580 1935 1660 generibus
1976 1578 2118 1640 nulli
2159 1578 2333 1640 alteri

170 1677 305 1738 vere
342 1677 759 1740 consociandis
791 1680 857 1740 &
889 1697 1194 1740 novorum
1227 1679 1504 1741 ordinum
1541 1681 1784 1762 posthinc
1815 1679 2331 1743 conficiendorum

173 1775 403 1840 indiciis.
449 1777 753 1841 Diversos
798 1779 1318 1842 inter·cara&eres
1362 1780 1424 1840 in
1475 1780 1645 1843 claffe
1698 1781 2081 1844 secundarios
2132 1781 2329 1844 nullus

173 1879 483 1955 praevalet,
537 1879 821 1940 ordinum
872 1878 1269 1940 distributioni
1306 1881 1441 1960 jure
1480 1879 1855 1962 praefuturus.
1906 1881 2164 1944 Stamina
2210 1901 2327 1944 nu-

168 1997 319 2041 mero
353 1980 420 2042 δι
459 1980 860 2063 proportione
896 1979 960 2040 δι
1000 1981 1438 2043 filamentorum
1466 1999 1568 2043 aut
1596 1982 1971 2045 antherarum
1998 1983 2331 2046 coalitione

171 2077 225 2140 in
264 2083 567 2143 ordinibus
618 2080 772 2165 saepe
824 2081 927 2143 fibi
979 2100 1103 2143 non
1155 2082 1442 2144 constant.
1487 2082 1735 2145 Fruaus
1776 2084 2182 2166 Monopetalis
2229 2104 2332 2146 or·

139 2180 417 2271 ‘dinandis
449 2190 537 2266 (p.
564 2184 681 2266 94)
706 2185 1070 2268 aptiffimus,
1102 2186 1164 2247 in
1204 2186 1578 2268 Polypetalis
1608 2187 1861 2248 minoris
1883 2186 1964 2248 est
1993 2188 2325 2263 momenti,

170 2301 266 2346 nec
297 2287 357 2348 in
389 2282 626 2349 textura
661 2288 946 2369 propria,
983 2287 1043 2347 in
1083 2288 1380 2367 stylorum
1424 2286 1488 2348 δι
1534 2287 1872 2350 loculorum
1911 2308 2164 2352 numero
2200 2334 2220 2362 ,
2260 2289 2327 2350 in

170 2381 434 2448 seminum
463 2388 526 2448 δι
551 2387 1098 2468 diffepimentorum
1126 2387 1236 2449 litu=
1257 2387 1628 2469 generaliora
1660 2387 1880 2450 sufficit
1908 2388 2080 2470 ligna.
2104 2389 2322 2451 Parum
2343 2376 2359 2382 ”

171 2485 328 2548 etiam
368 2487 697 2569 proficeret
738 2488 1024 2570 infignior
1062 2489 1347 2570 germinis
1394 2489 1673 2571 fimplicis
1708 2491 1772 2550 δι
1812 2490 2156 2570 multiplicis
2204 2489 2323 2550 dis·

171 2586 400 2658 tinfflo,
445 2609 581 2670 quae
620 2590 997 2671 Magnolias,
1044 2592 1292 2654 Anonas
1340 2590 1801 2671 Malvaceasque
1840 2592 2039 2671 plures
2079 2590 2323 2651 Ranun-

170 2687 404 2751 culaceis
446 2691 778 2752 admovens
825 2693 888 2752 ὃ(
930 2693 963 2751 ὲ
1005 2693 1238 2753 caeteris
1293 2691 1669 2752 affinioribus
1721 2689 2025 2771 segregans
2050 2737 2069 2765 ,
2113 2691 2326 2753 seriem

167 2793 474 2856 naturalem
518 2812 640 2855 non
690 2794 971 2875 profert,
1032 2794 1176 2874 quin
1227 2794 1432 2875 potius
1488 2794 1756 2855 invertit.
1812 2793 2041 2854 Utilior
2089 2811 2164 2854 ex
2214 2792 2329 2857 stru

71 2926 72 2931 κ
171 2894 377 2954 corculi
432 2896 494 2954 in
549 2895 814 2969 semine,
871 2914 947 2958 ex
1011 2895 1359 2975 perispermi
1415 2894 1721 2957 existentia
1771 2910 1876 2956 aut
1923 2891 2197 2965 defectu,
2242 2914 2321 2956 ex

166 2992 405 3071 ejusdem
441 2996 654 3057 natura
688 2995 949 3058 caracter
986 2995 1293 3073 educitur,
1330 2998 1391 3057 in
1430 2998 1596 3058 veris
1632 2994 1945 3056 ordinibus
1970 2994 2324 3076 plerumque

167 3097 476 3159 conformis
503 3117 573 3159 ac
595 3096 754 3160 forte
789 3100 1092 3180 nunquitm
1131 3101 1336 3161 varius
1360 3100 1423 3159 δε
1458 3099 1596 3159 inde
1622 3096 1907 3158 stabiliori
1944 3115 2155 3158 eorum
2189 3098 2337 3175 col-2

165 3195 434 3262 locationi
478 3198 839 3281 potiffimiun
891 3201 1371 3281 impendendus,
1410 3199 1571 3281 quafi
1608 3216 1764 3260 unus
1798 3197 1834 3259 ὲ
1883 3198 2181 3278 primariis
2215 3212 2323 3259 aut

168 3295 301 3360 inter
339 3299 723 3362 secundarios
767 3300 949 3380 longe
994 3302 1179 3380 prior.
1226 3286 1652 3379 Perispermum
1691 3298 1839 3360 inest
1875 3316 2164 3360 corneum
2200 3297 2323 3359 Ra-

75 3410 80 3417 ·
167 3400 525 3464 nunculaceis
561 3445 581 3473 ,
631 3399 997 3462 farinaceum
1050 3400 1523 3483 Caryophylleis
1558 3447 1578 3475 ,
1629 3397 1946 3479 carnosum
1994 3396 2324 3474 Tiliaceis‚

164 3496 604 3571 Berberidibus,
647 3500 868 3575 cistis,
919 3500 1205 3563 Rutaceis
1248 3502 1410 3572 &c.,
1459 3501 1684 3565 nullum
1727 3498 2021 3582 plerisque
2070 3499 2323 3563 caeteris.

168 3597 387 3663 Corculi
411 3600 645 3671 forma,
678 3602 738 3660 in
765 3599 1010 3662 diversis
1032 3600 1342 3681 ordinibus
1364 3601 1530 3662 varia
1548 3648 1569 3676 ‚
1603 3601 1665 3661 in
1705 3599 1937 3696 singulo
1956 3598 2327 3675 conformis,

85 3714 112 3755 ο
167 3700 384 3764 exbibet
425 3721 581 3764 nunc
618 3701 938 3764 radiculam
976 3702 1140 3780 juxt&
1171 3703 1352 3765 lobos
1403 3672 1814 3763 incurvam‘in
1848 3698 2317 3779 Capparidibus,

170 3796 417 3880 Sapindis
433 3850 454 3879 ,
476 3804 775 3867 Aceribus
790 3852 808 3879 ,
831 3802 1011 3867 Cistis
1026 3851 1046 3878 ‚
1072 3801 1549 3885 Caryophylleis
1565 3847 1582 3874 ‚
1602 3819 1759 3862 nunc
1781 3799 1958 3861 lobos
1982 3800 2195 3880 partim
2222 3818 2318 3861 re·-

173 3897 337 3965 flexos
360 3906 416 3967 in
453 3905 837 3987 Malpighiis,
867 3906 1182 3976 Geraniis,
1220 3923 1376 3966 nunc
1412 3902 1652 3965 eosdem
1686 3915 2044 3980 corrugatos
2068 3902 2127 3961 in
2154 3899 2320 3961 Mal-

169 4007 383 4101 faceis,
416 4028 573 4073 nunc
615 4010 963 4093 plerumque
991 4006 1182 4071 rectos
1220 4006 1282 4068 in
1314 4002 1590 4089 plurimis
1627 4003 1778 4068 aliis.
1811 4001 1958 4062 Inde
1993 3998 2029 4061 s
2029 3999 2209 4081 epius
2240 4019 2319 4093 ex

79 4076 306 4195 ,ὶ”.
917 4177 921 4182 .
1213 4166 1218 4170 .
1818 4101 1959 4197 Ρ3
