<?xml version="1.0" encoding="UTF-8"?>
<!DOCTYPE html PUBLIC "-//W3C//DTD XHTML 1.0 Transitional//EN"
    "http://www.w3.org/TR/xhtml1/DTD/xhtml1-transitional.dtd">
<html xmlns="http://www.w3.org/1999/xhtml" xml:lang="en" lang="en">
 <head>
  <title>
</title>
<meta http-equiv="Content-Type" content="text/html;charset=utf-8" />
  <meta name='ocr-system' content='tesseract 3.04.00' />
  <meta name='ocr-capabilities' content='ocr_page ocr_carea ocr_par ocr_line ocrx_word'/>
</head>
<body>
  <div class='ocr_page' id='page_1' title='image "./antoniilaurenti00jussgoog_0058.png"; bbox 0 0 2646 4292; ppageno 0'>
   <div class='ocr_carea' id='block_1_1' title="bbox 134 114 2638 3959">
    <p class='ocr_par' dir='ltr' id='par_1_1' title="bbox 134 114 2634 1320">
     <span class='ocr_line' id='line_1_1' title="bbox 405 114 504 167; baseline 0 0"><span class='ocrx_word' id='word_1_1' title='bbox 405 114 504 167; x_wconf 75' lang='lat' dir='ltr'>XX</span> 
     </span>
     <span class='ocr_line' id='line_1_2' title="bbox 407 219 2633 309; baseline 0.001 -19"><span class='ocrx_word' id='word_1_2' title='bbox 407 227 686 309; x_wconf 83' lang='lat' dir='ltr'>rubigine</span> <span class='ocrx_word' id='word_1_3' title='bbox 729 240 836 290; x_wconf 88' lang='lat' dir='ltr'>aut</span> <span class='ocrx_word' id='word_1_4' title='bbox 876 222 1222 306; x_wconf 80' lang='lat' dir='ltr'>uffilagine;</span> <span class='ocrx_word' id='word_1_5' title='bbox 1244 222 1505 306; x_wconf 60' lang='lat' dir='ltr'>‚organis</span> <span class='ocrx_word' id='word_1_6' title='bbox 1540 222 1816 290; x_wconf 81' lang='lat' dir='ltr'><strong>uberiori</strong></span> <span class='ocrx_word' id='word_1_7' title='bbox 1856 219 2432 296; x_wconf 68' lang='lat' dir='ltr'>succorunra‘ffluxu</span> <span class='ocrx_word' id='word_1_8' title='bbox 2467 241 2633 294; x_wconf 63' lang='lat' dir='ltr'>amai</span> 
     </span>
     <span class='ocr_line' id='line_1_3' title="bbox 304 322 2631 412; baseline 0.004 -25"><span class='ocrx_word' id='word_1_9' title='bbox 304 384 307 387; x_wconf 77' lang='grc'><strong><em>,</em></strong></span> <span class='ocrx_word' id='word_1_10' title='bbox 411 328 626 412; x_wconf 79' lang='lat' dir='ltr'>pliatis.</span> <span class='ocrx_word' id='word_1_11' title='bbox 653 326 770 391; x_wconf 85' lang='lat' dir='ltr'>Sed</span> <span class='ocrx_word' id='word_1_12' title='bbox 792 322 881 391; x_wconf 82' lang='lat' dir='ltr'>eae</span> <span class='ocrx_word' id='word_1_13' title='bbox 920 329 1240 401; x_wconf 73' lang='lat' dir='ltr'>varietates,</span> <span class='ocrx_word' id='word_1_14' title='bbox 1267 325 1330 388; x_wconf 85' lang='lat' dir='ltr'>in</span> <span class='ocrx_word' id='word_1_15' title='bbox 1359 323 1527 388; x_wconf 67' lang='lat' dir='ltr'>nova</span> <span class='ocrx_word' id='word_1_16' title='bbox 1550 325 1831 391; x_wconf 86' lang='lat' dir='ltr'>seminum</span> <span class='ocrx_word' id='word_1_17' title='bbox 1849 331 2281 411; x_wconf 81' lang='lat' dir='ltr'>germinatione</span> <span class='ocrx_word' id='word_1_18' title='bbox 2301 333 2411 398; x_wconf 79' lang='lat' dir='ltr'>sibi</span> <span class='ocrx_word' id='word_1_19' title='bbox 2431 353 2631 397; x_wconf 88' lang='lat' dir='ltr'>com-</span> 
     </span>
     <span class='ocr_line' id='line_1_4' title="bbox 408 426 2634 516; baseline 0.002 -22"><span class='ocrx_word' id='word_1_20' title='bbox 408 430 631 506; x_wconf 80' lang='lat' dir='ltr'>miffae,</span> <span class='ocrx_word' id='word_1_21' title='bbox 661 430 735 493; x_wconf 90' lang='lat' dir='ltr'>ad</span> <span class='ocrx_word' id='word_1_22' title='bbox 773 426 1217 512; x_wconf 83' lang='lat' dir='ltr'>primordialem</span> <span class='ocrx_word' id='word_1_23' title='bbox 1242 426 1515 491; x_wconf 82' lang='lat' dir='ltr'>restituto</span> <span class='ocrx_word' id='word_1_24' title='bbox 1547 427 1843 493; x_wconf 64' lang='lat' dir='ltr'>caraclete</span> <span class='ocrx_word' id='word_1_25' title='bbox 1869 432 2120 495; x_wconf 86' lang='lat' dir='ltr'>redeunt</span> <span class='ocrx_word' id='word_1_26' title='bbox 2146 435 2439 516; x_wconf 85' lang='lat' dir='ltr'>speciem,</span> <span class='ocrx_word' id='word_1_27' title='bbox 2481 455 2634 498; x_wconf 80' lang='lat' dir='ltr'>cae-</span> 
     </span>
     <span class='ocr_line' id='line_1_5' title="bbox 403 522 2627 633; baseline 0.002 -39"><span class='ocrx_word' id='word_1_28' title='bbox 403 532 553 594; x_wconf 84' lang='lat' dir='ltr'>teris</span> <span class='ocrx_word' id='word_1_29' title='bbox 585 547 710 594; x_wconf 89' lang='lat' dir='ltr'>non</span> <span class='ocrx_word' id='word_1_30' title='bbox 743 529 1112 592; x_wconf 86' lang='lat' dir='ltr'>obstantibus</span> <span class='ocrx_word' id='word_1_31' title='bbox 1129 522 1318 593; x_wconf 65' lang='lat' dir='ltr'>causis</span> <span class='ocrx_word' id='word_1_32' title='bbox 1339 525 1402 595; x_wconf 76' lang='grc' dir='ltr'>δι</span> <span class='ocrx_word' id='word_1_33' title='bbox 1423 526 1660 591; x_wconf 67' lang='lat' dir='ltr'>servata</span> <span class='ocrx_word' id='word_1_34' title='bbox 1625 529 1810 633; x_wconf 88' lang='lat' dir='ltr'>lege</span> <span class='ocrx_word' id='word_1_35' title='bbox 1836 530 2110 595; x_wconf 87' lang='lat' dir='ltr'>naturali.</span> <span class='ocrx_word' id='word_1_36' title='bbox 2139 532 2364 597; x_wconf 83' lang='lat' dir='ltr'>Nativa</span> <span class='ocrx_word' id='word_1_37' title='bbox 2393 551 2627 598; x_wconf 86' lang='lat' dir='ltr'>autem</span> 
     </span>
     <span class='ocr_line' id='line_1_6' title="bbox 402 592 2626 715; baseline 0.002 -20"><span class='ocrx_word' id='word_1_38' title='bbox 402 633 666 715; x_wconf 85' lang='lat' dir='ltr'>species,</span> <span class='ocrx_word' id='word_1_39' title='bbox 687 632 963 695; x_wconf 65' lang='lat' dir='ltr'>accurata</span> <span class='ocrx_word' id='word_1_40' title='bbox 983 629 1335 693; x_wconf 81' lang='lat' dir='ltr'>definitione</span> <span class='ocrx_word' id='word_1_41' title='bbox 1356 629 1527 692; x_wconf 68' lang='lat' dir='ltr'>certo</span> <span class='ocrx_word' id='word_1_42' title='bbox 1557 592 2042 714; x_wconf 88' lang='lat' dir='ltr'>circumscripta,</span> <span class='ocrx_word' id='word_1_43' title='bbox 2077 653 2294 698; x_wconf 88' lang='lat' dir='ltr'>verum</span> <span class='ocrx_word' id='word_1_44' title='bbox 2313 636 2422 698; x_wconf 84' lang='lat' dir='ltr'>stat</span> <span class='ocrx_word' id='word_1_45' title='bbox 2447 636 2626 699; x_wconf 84' lang='lat' dir='ltr'>fun-</span> 
     </span>
     <span class='ocr_line' id='line_1_7' title="bbox 402 730 2631 816; baseline 0.004 -21"><span class='ocrx_word' id='word_1_46' title='bbox 402 732 743 798; x_wconf 72' lang='lat' dir='ltr'>dementum</span> <span class='ocrx_word' id='word_1_47' title='bbox 781 732 1044 795; x_wconf 83' lang='lat' dir='ltr'>scientiae</span> <span class='ocrx_word' id='word_1_48' title='bbox 1099 732 1400 797; x_wconf 77' lang='lat' dir='ltr'>botanicae</span> <span class='ocrx_word' id='word_1_49' title='bbox 1443 749 1581 812; x_wconf 79' lang='lat' dir='ltr'>quae</span> <span class='ocrx_word' id='word_1_50' title='bbox 1630 730 1690 792; x_wconf 90' lang='lat' dir='ltr'>in</span> <span class='ocrx_word' id='word_1_51' title='bbox 1743 731 1802 793; x_wconf 89' lang='lat' dir='ltr'>id</span> <span class='ocrx_word' id='word_1_52' title='bbox 1847 734 2085 814; x_wconf 89' lang='lat' dir='ltr'>penitus</span> <span class='ocrx_word' id='word_1_53' title='bbox 2111 738 2429 800; x_wconf 85' lang='lat' dir='ltr'>incumbit</span> <span class='ocrx_word' id='word_1_54' title='bbox 2458 784 2488 816; x_wconf 92' lang='lat'><strong>‚</strong></span> <span class='ocrx_word' id='word_1_55' title='bbox 2552 757 2631 803; x_wconf 87' lang='lat' dir='ltr'>ut</span> 
     </span>
     <span class='ocr_line' id='line_1_8' title="bbox 134 831 2628 921; baseline 0.001 -21"><span class='ocrx_word' id='word_1_56' title='bbox 134 856 163 885; x_wconf 73' lang='lat'>⁸</span> <span class='ocrx_word' id='word_1_57' title='bbox 400 855 610 900; x_wconf 67' lang='lat' dir='ltr'>omnes</span> <span class='ocrx_word' id='word_1_58' title='bbox 649 834 823 918; x_wconf 73' lang='lat' dir='ltr'>plane</span> <span class='ocrx_word' id='word_1_59' title='bbox 874 831 1180 915; x_wconf 88' lang='lat' dir='ltr'>dignoscat</span> <span class='ocrx_word' id='word_1_60' title='bbox 1220 832 1486 921; x_wconf 76' lang='lat' dir='ltr'>specie5‚</span> <span class='ocrx_word' id='word_1_61' title='bbox 1531 831 1931 896; x_wconf 87' lang='lat' dir='ltr'>universalem</span> <span class='ocrx_word' id='word_1_62' title='bbox 1980 855 2185 899; x_wconf 84' lang='lat' dir='ltr'>earum</span> <span class='ocrx_word' id='word_1_63' title='bbox 2240 839 2628 903; x_wconf 67' lang='lat' dir='ltr'>caraSterem</span> 
     </span>
     <span class='ocr_line' id='line_1_9' title="bbox 397 931 2633 1018; baseline 0.003 -21"><span class='ocrx_word' id='word_1_64' title='bbox 397 935 672 1018; x_wconf 73' lang='lat' dir='ltr'>apprime</span> <span class='ocrx_word' id='word_1_65' title='bbox 714 934 962 1012; x_wconf 78' lang='lat' dir='ltr'>calleat,</span> <span class='ocrx_word' id='word_1_66' title='bbox 1003 951 1106 997; x_wconf 84' lang='lat' dir='ltr'>eas</span> <span class='ocrx_word' id='word_1_67' title='bbox 1148 932 1412 999; x_wconf 85' lang='lat' dir='ltr'>invicem</span> <span class='ocrx_word' id='word_1_68' title='bbox 1445 931 1720 996; x_wconf 89' lang='lat' dir='ltr'>conferat</span> <span class='ocrx_word' id='word_1_69' title='bbox 1754 933 1962 996; x_wconf 86' lang='lat' dir='ltr'>affines</span> <span class='ocrx_word' id='word_1_70' title='bbox 1996 937 2355 1005; x_wconf 65' lang='lat' dir='ltr'>conneflens</span> <span class='ocrx_word' id='word_1_71' title='bbox 2387 941 2452 1001; x_wconf 89' lang='lat'>&amp;</span> <span class='ocrx_word' id='word_1_72' title='bbox 2488 939 2633 1003; x_wconf 82' lang='lat' dir='ltr'>dis-</span> 
     </span>
     <span class='ocr_line' id='line_1_10' title="bbox 393 1032 2635 1124; baseline 0.002 -27"><span class='ocrx_word' id='word_1_73' title='bbox 393 1051 711 1118; x_wconf 80' lang='lat' dir='ltr'>crepantes</span> <span class='ocrx_word' id='word_1_74' title='bbox 746 1035 1102 1118; x_wconf 74' lang='lat' dir='ltr'>segreganS,</span> <span class='ocrx_word' id='word_1_75' title='bbox 1145 1033 1208 1096; x_wconf 77' lang='grc' dir='ltr'>δι</span> <span class='ocrx_word' id='word_1_76' title='bbox 1243 1053 1320 1098; x_wconf 79' lang='lat' dir='ltr'>ex</span> <span class='ocrx_word' id='word_1_77' title='bbox 1359 1032 1600 1117; x_wconf 78' lang='lat' dir='ltr'>speciali</span> <span class='ocrx_word' id='word_1_78' title='bbox 1639 1036 1989 1115; x_wconf 84' lang='lat' dir='ltr'>cognitione</span> <span class='ocrx_word' id='word_1_79' title='bbox 2029 1057 2099 1099; x_wconf 90' lang='lat' dir='ltr'>ac</span> <span class='ocrx_word' id='word_1_80' title='bbox 2131 1040 2465 1103; x_wconf 87' lang='lat' dir='ltr'>collatione</span> <span class='ocrx_word' id='word_1_81' title='bbox 2515 1061 2635 1124; x_wconf 80' lang='lat' dir='ltr'>ge</span> 
     </span>
     <span class='ocr_line' id='line_1_11' title="bbox 393 1137 2628 1219; baseline 0.004 -21"><span class='ocrx_word' id='word_1_82' title='bbox 393 1138 580 1201; x_wconf 87' lang='lat' dir='ltr'>nerali</span> <span class='ocrx_word' id='word_1_83' title='bbox 649 1138 945 1219; x_wconf 86' lang='lat' dir='ltr'>integram</span> <span class='ocrx_word' id='word_1_84' title='bbox 1003 1137 1276 1203; x_wconf 86' lang='lat' dir='ltr'>omnium</span> <span class='ocrx_word' id='word_1_85' title='bbox 1349 1154 1583 1203; x_wconf 78' lang='lat' dir='ltr'>naturae</span> <span class='ocrx_word' id='word_1_86' title='bbox 1636 1152 1816 1219; x_wconf 88' lang='lat' dir='ltr'>atque</span> <span class='ocrx_word' id='word_1_87' title='bbox 1866 1139 2253 1207; x_wconf 71' lang='lat' dir='ltr'>cohaerentiae</span> <span class='ocrx_word' id='word_1_88' title='bbox 2310 1141 2628 1207; x_wconf 78' lang='lat' dir='ltr'>notitiam</span> 
     </span>
     <span class='ocr_line' id='line_1_12' title="bbox 397 1236 818 1320; baseline 0.002 -21"><span class='ocrx_word' id='word_1_89' title='bbox 397 1236 818 1320; x_wconf 86' lang='lat' dir='ltr'>consequatur.</span> 
     </span>
    </p>

    <p class='ocr_par' dir='ltr' id='par_1_2' title="bbox 300 1338 2638 2235">
     <span class='ocr_line' id='line_1_13' title="bbox 470 1338 2625 1424; baseline 0.004 -23"><span class='ocrx_word' id='word_1_90' title='bbox 470 1338 557 1401; x_wconf 87' lang='lat' dir='ltr'>Ea</span> <span class='ocrx_word' id='word_1_91' title='bbox 592 1338 923 1422; x_wconf 84' lang='lat' dir='ltr'>specierum</span> <span class='ocrx_word' id='word_1_92' title='bbox 966 1338 1225 1424; x_wconf 67' lang='lat' dir='ltr'>penfesta</span> <span class='ocrx_word' id='word_1_93' title='bbox 1256 1339 1466 1422; x_wconf 87' lang='lat' dir='ltr'>nequit</span> <span class='ocrx_word' id='word_1_94' title='bbox 1494 1341 1833 1422; x_wconf 83' lang='lat' dir='ltr'>comparari</span> <span class='ocrx_word' id='word_1_95' title='bbox 1859 1342 2133 1423; x_wconf 86' lang='lat' dir='ltr'>cognitio</span> <span class='ocrx_word' id='word_1_96' title='bbox 2164 1342 2274 1405; x_wconf 84' lang='lat' dir='ltr'>nifi</span> <span class='ocrx_word' id='word_1_97' title='bbox 2305 1342 2625 1423; x_wconf 80' lang='lat' dir='ltr'>juvandae</span> 
     </span>
     <span class='ocr_line' id='line_1_14' title="bbox 397 1440 2628 1524; baseline 0.003 -21"><span class='ocrx_word' id='word_1_98' title='bbox 397 1441 713 1506; x_wconf 78' lang='lat' dir='ltr'>memoriae</span> <span class='ocrx_word' id='word_1_99' title='bbox 768 1442 948 1506; x_wconf 68' lang='lat' dir='ltr'>causa</span> <span class='ocrx_word' id='word_1_100' title='bbox 1002 1443 1064 1505; x_wconf 91' lang='lat' dir='ltr'>in</span> <span class='ocrx_word' id='word_1_101' title='bbox 1113 1441 1431 1511; x_wconf 79' lang='lat' dir='ltr'>fasciculos</span> <span class='ocrx_word' id='word_1_102' title='bbox 1459 1440 1739 1523; x_wconf 74' lang='lat' dir='ltr'>,primum</span> <span class='ocrx_word' id='word_1_103' title='bbox 1782 1443 2307 1524; x_wconf 78' lang='lat' dir='ltr'>conglomerentur</span> <span class='ocrx_word' id='word_1_104' title='bbox 2354 1446 2628 1510; x_wconf 86' lang='lat' dir='ltr'>ratione</span> 
     </span>
     <span class='ocr_line' id='line_1_15' title="bbox 389 1541 2630 1628; baseline 0.001 -20"><span class='ocrx_word' id='word_1_105' title='bbox 389 1543 737 1619; x_wconf 83' lang='lat' dir='ltr'>affinitatis,</span> <span class='ocrx_word' id='word_1_106' title='bbox 777 1543 842 1608; x_wconf 74' lang='grc' dir='ltr'>δι</span> <span class='ocrx_word' id='word_1_107' title='bbox 873 1543 1129 1625; x_wconf 77' lang='lat' dir='ltr'>posthac</span> <span class='ocrx_word' id='word_1_108' title='bbox 1169 1543 1229 1604; x_wconf 92' lang='lat' dir='ltr'>in</span> <span class='ocrx_word' id='word_1_109' title='bbox 1272 1541 1463 1605; x_wconf 82' lang='lat' dir='ltr'>fasces</span> <span class='ocrx_word' id='word_1_110' title='bbox 1503 1560 1580 1605; x_wconf 82' lang='lat' dir='ltr'>ex</span> <span class='ocrx_word' id='word_1_111' title='bbox 1615 1542 1836 1623; x_wconf 66' lang='lat' dir='ltr'>juni-,iis</span> <span class='ocrx_word' id='word_1_112' title='bbox 1872 1543 2170 1607; x_wconf 81' lang='lat' dir='ltr'>fasciculis</span> <span class='ocrx_word' id='word_1_113' title='bbox 2210 1547 2630 1628; x_wconf 56' lang='lat' dir='ltr'>compositas</span> 
     </span>
     <span class='ocr_line' id='line_1_16' title="bbox 387 1642 2635 1735; baseline 0.001 -27"><span class='ocrx_word' id='word_1_114' title='bbox 387 1645 800 1726; x_wconf 74' lang='lat' dir='ltr'>simpliciores</span> <span class='ocrx_word' id='word_1_115' title='bbox 835 1642 1105 1709; x_wconf 87' lang='lat' dir='ltr'>fasciculi</span> <span class='ocrx_word' id='word_1_116' title='bbox 1133 1665 1327 1727; x_wconf 80' lang='lat' dir='ltr'>genera</span> <span class='ocrx_word' id='word_1_117' title='bbox 1356 1643 1498 1705; x_wconf 71' lang='lat' dir='ltr'>dieti</span> <span class='ocrx_word' id='word_1_118' title='bbox 1533 1644 2010 1725; x_wconf 67' lang='lat' dir='ltr'>compleauntur</span> <span class='ocrx_word' id='word_1_119' title='bbox 2031 1646 2343 1708; x_wconf 89' lang='lat' dir='ltr'>nonnullas</span> <span class='ocrx_word' id='word_1_120' title='bbox 2368 1645 2635 1735; x_wconf 67' lang='lat' dir='ltr'>specie9</span> 
     </span>
     <span class='ocr_line' id='line_1_17' title="bbox 390 1745 2629 1830; baseline 0.002 -21"><span class='ocrx_word' id='word_1_121' title='bbox 390 1746 670 1830; x_wconf 84' lang='lat' dir='ltr'>plurimis</span> <span class='ocrx_word' id='word_1_122' title='bbox 719 1746 1163 1810; x_wconf 87' lang='lat' dir='ltr'>consentientes</span> <span class='ocrx_word' id='word_1_123' title='bbox 1201 1746 1382 1827; x_wconf 78' lang='lat' dir='ltr'>signis</span> <span class='ocrx_word' id='word_1_124' title='bbox 1410 1792 1431 1823; x_wconf 89' lang='lat'><strong>,</strong></span> <span class='ocrx_word' id='word_1_125' title='bbox 1474 1746 1678 1827; x_wconf 86' lang='lat' dir='ltr'>paucis</span> <span class='ocrx_word' id='word_1_126' title='bbox 1725 1745 2160 1829; x_wconf 74' lang='lat' dir='ltr'>discrepanteS,</span> <span class='ocrx_word' id='word_1_127' title='bbox 2201 1749 2265 1810; x_wconf 87' lang='lat'>&amp;</span> <span class='ocrx_word' id='word_1_128' title='bbox 2301 1747 2448 1809; x_wconf 68' lang='lat' dir='ltr'>ideo</span> <span class='ocrx_word' id='word_1_129' title='bbox 2507 1766 2629 1813; x_wconf 84' lang='lat' dir='ltr'>ca-</span> 
     </span>
     <span class='ocr_line' id='line_1_18' title="bbox 384 1845 2632 1932; baseline 0.001 -22"><span class='ocrx_word' id='word_1_130' title='bbox 384 1845 617 1910; x_wconf 58' lang='lat' dir='ltr'>ractere</span> <span class='ocrx_word' id='word_1_131' title='bbox 655 1867 780 1925; x_wconf 79' lang='lat' dir='ltr'>non</span> <span class='ocrx_word' id='word_1_132' title='bbox 811 1846 1141 1910; x_wconf 84' lang='lat' dir='ltr'>universali</span> <span class='ocrx_word' id='word_1_133' title='bbox 1175 1846 1271 1911; x_wconf 90' lang='lat' dir='ltr'>sed</span> <span class='ocrx_word' id='word_1_134' title='bbox 1307 1846 1541 1909; x_wconf 76' lang='lat' dir='ltr'>tantum</span> <span class='ocrx_word' id='word_1_135' title='bbox 1567 1847 1827 1928; x_wconf 87' lang='lat' dir='ltr'>generali</span> <span class='ocrx_word' id='word_1_136' title='bbox 1848 1847 2212 1911; x_wconf 85' lang='lat' dir='ltr'>conformes.</span> <span class='ocrx_word' id='word_1_137' title='bbox 2235 1846 2476 1909; x_wconf 88' lang='lat' dir='ltr'>Harum</span> <span class='ocrx_word' id='word_1_138' title='bbox 2505 1868 2632 1932; x_wconf 83' lang='lat' dir='ltr'>ge·</span> 
     </span>
     <span class='ocr_line' id='line_1_19' title="bbox 390 1946 2638 2029; baseline 0.001 -19"><span class='ocrx_word' id='word_1_139' title='bbox 390 1949 597 2015; x_wconf 81' lang='lat' dir='ltr'>net-ica</span> <span class='ocrx_word' id='word_1_140' title='bbox 639 1947 1008 2011; x_wconf 84' lang='lat' dir='ltr'>consociatio</span> <span class='ocrx_word' id='word_1_141' title='bbox 1043 1961 1271 2009; x_wconf 85' lang='lat' dir='ltr'>certum</span> <span class='ocrx_word' id='word_1_142' title='bbox 1312 1946 1503 2026; x_wconf 80' lang='lat' dir='ltr'>exigit</span> <span class='ocrx_word' id='word_1_143' title='bbox 1549 1948 1701 2009; x_wconf 87' lang='lat' dir='ltr'>inter</span> <span class='ocrx_word' id='word_1_144' title='bbox 1736 1947 2056 2028; x_wconf 84' lang='lat' dir='ltr'>specificos</span> <span class='ocrx_word' id='word_1_145' title='bbox 2101 1949 2425 2011; x_wconf 69' lang='lat' dir='ltr'>caraeteres</span> <span class='ocrx_word' id='word_1_146' title='bbox 2487 1952 2638 2029; x_wconf 48' lang='lat' dir='ltr'>cle--¹</span> 
     </span>
     <span class='ocr_line' id='line_1_20' title="bbox 390 2043 2638 2132; baseline -0.001 -21"><span class='ocrx_word' id='word_1_147' title='bbox 390 2049 641 2121; x_wconf 65' lang='lat' dir='ltr'>lefium,</span> <span class='ocrx_word' id='word_1_148' title='bbox 690 2069 819 2112; x_wconf 89' lang='lat' dir='ltr'>non</span> <span class='ocrx_word' id='word_1_149' title='bbox 867 2045 1394 2119; x_wconf 17' lang='lat' dir='ltr'>arbitrarium&#39;sed</span> <span class='ocrx_word' id='word_1_150' title='bbox 1427 2043 1645 2109; x_wconf 80' lang='lat' dir='ltr'>solidis</span> <span class='ocrx_word' id='word_1_151' title='bbox 1691 2047 1957 2111; x_wconf 86' lang='lat' dir='ltr'>innixum</span> <span class='ocrx_word' id='word_1_152' title='bbox 1997 2049 2337 2132; x_wconf 85' lang='lat' dir='ltr'>principiis,</span> <span class='ocrx_word' id='word_1_153' title='bbox 2380 2049 2480 2112; x_wconf 82' lang='lat' dir='ltr'>ita</span> <span class='ocrx_word' id='word_1_154' title='bbox 2536 2052 2638 2117; x_wconf 55' lang='lat' dir='ltr'>ut?</span> 
     </span>
     <span class='ocr_line' id='line_1_21' title="bbox 300 2145 2624 2235; baseline 0.002 -20"><span class='ocrx_word' id='word_1_155' title='bbox 300 2213 309 2223; x_wconf 81' lang='grc'><em>,</em></span> <span class='ocrx_word' id='word_1_156' title='bbox 393 2170 585 2234; x_wconf 84' lang='lat' dir='ltr'>genus.</span> <span class='ocrx_word' id='word_1_157' title='bbox 614 2152 933 2235; x_wconf 89' lang='lat' dir='ltr'>quodlibet·</span> <span class='ocrx_word' id='word_1_158' title='bbox 963 2149 1191 2233; x_wconf 84' lang='lat' dir='ltr'>species</span> <span class='ocrx_word' id='word_1_159' title='bbox 1230 2164 1444 2209; x_wconf 83' lang='lat' dir='ltr'>omnes</span> <span class='ocrx_word' id='word_1_160' title='bbox 1471 2145 1621 2209; x_wconf 77' lang='lat' dir='ltr'>vere</span> <span class='ocrx_word' id='word_1_161' title='bbox 1651 2167 2017 2230; x_wconf 88' lang='lat' dir='ltr'>congeneres</span> <span class='ocrx_word' id='word_1_162' title='bbox 2052 2152 2302 2228; x_wconf 87' lang='lat' dir='ltr'>habeat,</span> <span class='ocrx_word' id='word_1_163' title='bbox 2335 2146 2624 2235; x_wconf 79' lang='lat' dir='ltr'>dispari-</span> 
     </span>
    </p>

    <p class='ocr_par' dir='ltr' id='par_1_3' title="bbox 404 2250 1281 2335">
     <span class='ocr_line' id='line_1_22' title="bbox 404 2250 1281 2335; baseline -0.005 -20"><span class='ocrx_word' id='word_1_164' title='bbox 404 2253 521 2315; x_wconf 84' lang='lat' dir='ltr'>bus</span> <span class='ocrx_word' id='word_1_165' title='bbox 557 2266 861 2335; x_wconf 86' lang='lat' dir='ltr'>nunquam</span> <span class='ocrx_word' id='word_1_166' title='bbox 896 2250 1281 2318; x_wconf 84' lang='lat' dir='ltr'>intermixtis.</span> 
     </span>
    </p>

    <p class='ocr_par' dir='ltr' id='par_1_4' title="bbox 389 2347 2636 2844">
     <span class='ocr_line' id='line_1_23' title="bbox 468 2347 2636 2442; baseline 0 -25"><span class='ocrx_word' id='word_1_167' title='bbox 468 2354 648 2417; x_wconf 87' lang='lat' dir='ltr'>Nulla</span> <span class='ocrx_word' id='word_1_168' title='bbox 679 2353 840 2418; x_wconf 89' lang='lat' dir='ltr'>fuere</span> <span class='ocrx_word' id='word_1_169' title='bbox 869 2352 1125 2436; x_wconf 83' lang='lat' dir='ltr'>priscis</span> <span class='ocrx_word' id='word_1_170' title='bbox 1113 2373 1173 2415; x_wconf 79' lang='lat' dir='ltr'>tn</span> <span class='ocrx_word' id='word_1_171' title='bbox 1209 2353 1585 2442; x_wconf 88' lang='lat' dir='ltr'>temporibus</span> <span class='ocrx_word' id='word_1_172' title='bbox 1605 2347 1902 2434; x_wconf 82' lang='lat' dir='ltr'>genericae</span> <span class='ocrx_word' id='word_1_173' title='bbox 1933 2352 2109 2434; x_wconf 79' lang='lat' dir='ltr'>hujus</span> <span class='ocrx_word' id='word_1_174' title='bbox 2134 2352 2636 2422; x_wconf 59' lang='lat' dir='ltr'>constitutionis</span> 
     </span>
     <span class='ocr_line' id='line_1_24' title="bbox 389 2453 2625 2542; baseline 0.002 -24"><span class='ocrx_word' id='word_1_175' title='bbox 389 2455 737 2542; x_wconf 87' lang='lat' dir='ltr'>principia,</span> <span class='ocrx_word' id='word_1_176' title='bbox 785 2456 849 2517; x_wconf 73' lang='grc' dir='ltr'>δε</span> <span class='ocrx_word' id='word_1_177' title='bbox 904 2456 1200 2525; x_wconf 86' lang='lat' dir='ltr'>indicante</span> <span class='ocrx_word' id='word_1_178' title='bbox 1263 2457 1495 2524; x_wconf 73' lang='lat' dir='ltr'>tantum</span> <span class='ocrx_word' id='word_1_179' title='bbox 1552 2456 1758 2519; x_wconf 89' lang='lat' dir='ltr'>habitu</span> <span class='ocrx_word' id='word_1_180' title='bbox 1822 2453 2106 2517; x_wconf 86' lang='lat' dir='ltr'>subfimili</span> <span class='ocrx_word' id='word_1_181' title='bbox 2156 2453 2625 2539; x_wconf 84' lang='lat' dir='ltr'>inexplorato,</span> 
     </span>
     <span class='ocr_line' id='line_1_25' title="bbox 338 2541 2628 2643; baseline 0.001 -24.068"><span class='ocrx_word' id='word_1_182' title='bbox 338 2559 607 2642; x_wconf 84' lang='lat' dir='ltr'>plantae</span> <span class='ocrx_word' id='word_1_183' title='bbox 652 2557 762 2620; x_wconf 90' lang='lat' dir='ltr'>sub</span> <span class='ocrx_word' id='word_1_184' title='bbox 805 2558 1021 2622; x_wconf 90' lang='lat' dir='ltr'>eodem</span> <span class='ocrx_word' id='word_1_185' title='bbox 1066 2559 1314 2620; x_wconf 90' lang='lat' dir='ltr'>nomine</span> <span class='ocrx_word' id='word_1_186' title='bbox 1364 2557 1518 2637; x_wconf 78' lang='lat' dir='ltr'>vage</span> <span class='ocrx_word' id='word_1_187' title='bbox 1563 2541 1915 2619; x_wconf 87' lang='lat' dir='ltr'>militabant.</span> <span class='ocrx_word' id='word_1_188' title='bbox 1952 2556 2201 2620; x_wconf 86' lang='lat' dir='ltr'>Veteres</span> <span class='ocrx_word' id='word_1_189' title='bbox 2244 2558 2411 2620; x_wconf 85' lang='lat' dir='ltr'>enim</span> <span class='ocrx_word' id='word_1_190' title='bbox 2456 2562 2628 2643; x_wconf 80' lang='lat' dir='ltr'>ple-</span> 
     </span>
     <span class='ocr_line' id='line_1_26' title="bbox 390 2649 2634 2741; baseline 0.001 -18"><span class='ocrx_word' id='word_1_191' title='bbox 390 2661 610 2741; x_wconf 83' lang='lat' dir='ltr'>rique,</span> <span class='ocrx_word' id='word_1_192' title='bbox 654 2659 727 2720; x_wconf 88' lang='lat' dir='ltr'>de</span> <span class='ocrx_word' id='word_1_193' title='bbox 762 2677 826 2719; x_wconf 88' lang='lat' dir='ltr'>re</span> <span class='ocrx_word' id='word_1_194' title='bbox 871 2657 1103 2720; x_wconf 65' lang='lat' dir='ltr'>medica</span> <span class='ocrx_word' id='word_1_195' title='bbox 1140 2677 1263 2720; x_wconf 86' lang='lat' dir='ltr'>non</span> <span class='ocrx_word' id='word_1_196' title='bbox 1303 2660 1378 2720; x_wconf 92' lang='lat' dir='ltr'>de</span> <span class='ocrx_word' id='word_1_197' title='bbox 1425 2657 1708 2719; x_wconf 74' lang='lat' dir='ltr'>botanica</span> <span class='ocrx_word' id='word_1_198' title='bbox 1742 2656 2037 2736; x_wconf 84' lang='lat' dir='ltr'>solliciti,</span> <span class='ocrx_word' id='word_1_199' title='bbox 2049 2658 2410 2738; x_wconf 86' lang='lat' dir='ltr'>plantarum</span> <span class='ocrx_word' id='word_1_200' title='bbox 2461 2649 2634 2725; x_wconf 60' lang='lat' dir='ltr'>vir-3</span> 
     </span>
     <span class='ocr_line' id='line_1_27' title="bbox 398 2758 2626 2844; baseline 0.002 -21"><span class='ocrx_word' id='word_1_201' title='bbox 398 2777 590 2829; x_wconf 88' lang='lat' dir='ltr'>tutem</span> <span class='ocrx_word' id='word_1_202' title='bbox 644 2779 770 2832; x_wconf 78' lang='lat' dir='ltr'>non</span> <span class='ocrx_word' id='word_1_203' title='bbox 813 2759 1168 2823; x_wconf 67' lang='lat' dir='ltr'>carafierem</span> <span class='ocrx_word' id='word_1_204' title='bbox 1220 2759 1552 2826; x_wconf 73' lang='lat' dir='ltr'>exhibuere</span> <span class='ocrx_word' id='word_1_205' title='bbox 1591 2759 1656 2819; x_wconf 83' lang='lat' dir='ltr'>in</span> <span class='ocrx_word' id='word_1_206' title='bbox 1702 2759 1986 2844; x_wconf 81' lang='lat' dir='ltr'>operibus</span> <span class='ocrx_word' id='word_1_207' title='bbox 2035 2758 2261 2841; x_wconf 81' lang='lat' dir='ltr'>pluries</span> <span class='ocrx_word' id='word_1_208' title='bbox 2297 2768 2626 2843; x_wconf 71' lang='lat' dir='ltr'>apparate</span> 
     </span>
    </p>

    <p class='ocr_par' dir='ltr' id='par_1_5' title="bbox 342 2857 2632 3144">
     <span class='ocr_line' id='line_1_28' title="bbox 342 2857 2632 2944; baseline 0.002 -21"><span class='ocrx_word' id='word_1_209' title='bbox 342 2862 792 2944; x_wconf 77' lang='lat' dir='ltr'>‘interpretatis</span> <span class='ocrx_word' id='word_1_210' title='bbox 815 2879 1075 2943; x_wconf 85' lang='lat' dir='ltr'>quorum</span> <span class='ocrx_word' id='word_1_211' title='bbox 1108 2878 1317 2941; x_wconf 84' lang='lat' dir='ltr'>magna</span> <span class='ocrx_word' id='word_1_212' title='bbox 1337 2906 1360 2935; x_wconf 90' lang='lat'>‚</span> <span class='ocrx_word' id='word_1_213' title='bbox 1385 2857 1486 2921; x_wconf 88' lang='lat' dir='ltr'>sed</span> <span class='ocrx_word' id='word_1_214' title='bbox 1521 2859 1598 2921; x_wconf 88' lang='lat' dir='ltr'>ab</span> <span class='ocrx_word' id='word_1_215' title='bbox 1639 2858 1940 2920; x_wconf 87' lang='lat' dir='ltr'>hodierno</span> <span class='ocrx_word' id='word_1_216' title='bbox 1987 2858 2182 2921; x_wconf 88' lang='lat' dir='ltr'>aliena</span> <span class='ocrx_word' id='word_1_217' title='bbox 2219 2861 2574 2942; x_wconf 85' lang='lat' dir='ltr'>proposito</span> <span class='ocrx_word' id='word_1_218' title='bbox 2599 2879 2632 2942; x_wconf 54' lang='lat'><em>3</em></span> 
     </span>
     <span class='ocr_line' id='line_1_29' title="bbox 393 2949 2632 3044; baseline 0 -17"><span class='ocrx_word' id='word_1_219' title='bbox 393 2963 607 3027; x_wconf 86' lang='lat' dir='ltr'>merita</span> <span class='ocrx_word' id='word_1_220' title='bbox 640 2964 735 3025; x_wconf 85' lang='lat' dir='ltr'>hic</span> <span class='ocrx_word' id='word_1_221' title='bbox 771 2963 1081 3026; x_wconf 90' lang='lat' dir='ltr'>recensete</span> <span class='ocrx_word' id='word_1_222' title='bbox 1120 2964 1624 3044; x_wconf 78' lang='lat' dir='ltr'>supervacaneum</span> <span class='ocrx_word' id='word_1_223' title='bbox 1657 2960 1781 3035; x_wconf 88' lang='lat' dir='ltr'>est,</span> <span class='ocrx_word' id='word_1_224' title='bbox 1813 2979 1954 3035; x_wconf 81' lang='lat' dir='ltr'>cum</span> <span class='ocrx_word' id='word_1_225' title='bbox 1999 2961 2124 3021; x_wconf 83' lang='lat' dir='ltr'>viri</span> <span class='ocrx_word' id='word_1_226' title='bbox 2164 2961 2406 3025; x_wconf 76' lang='lat' dir='ltr'>aliunde</span> <span class='ocrx_word' id='word_1_227' title='bbox 2447 2949 2632 3031; x_wconf 49' lang='lat' dir='ltr'>eru-¹</span> 
     </span>
     <span class='ocr_line' id='line_1_30' title="bbox 386 3053 2630 3144; baseline 0.002 -20"><span class='ocrx_word' id='word_1_228' title='bbox 386 3062 644 3125; x_wconf 85' lang='lat' dir='ltr'>ditissimi</span> <span class='ocrx_word' id='word_1_229' title='bbox 666 3062 928 3127; x_wconf 76' lang='lat' dir='ltr'>scientiae</span> <span class='ocrx_word' id='word_1_230' title='bbox 948 3082 1105 3125; x_wconf 88' lang='lat' dir='ltr'>nunc</span> <span class='ocrx_word' id='word_1_231' title='bbox 1123 3053 1491 3125; x_wconf 79' lang='lat' dir='ltr'>elucidandae</span> <span class='ocrx_word' id='word_1_232' title='bbox 1512 3060 1852 3123; x_wconf 73' lang='lat' dir='ltr'>nullatenus</span> <span class='ocrx_word' id='word_1_233' title='bbox 1864 3077 1967 3123; x_wconf 87' lang='lat' dir='ltr'>aut</span> <span class='ocrx_word' id='word_1_234' title='bbox 1988 3061 2198 3143; x_wconf 75' lang='lat' dir='ltr'>parum</span> <span class='ocrx_word' id='word_1_235' title='bbox 2221 3059 2630 3144; x_wconf 68' lang='lat' dir='ltr'>profuerint.</span> 
     </span>
    </p>

    <p class='ocr_par' dir='ltr' id='par_1_6' title="bbox 385 3153 2631 3249">
     <span class='ocr_line' id='line_1_31' title="bbox 385 3153 2631 3249; baseline -0 -23"><span class='ocrx_word' id='word_1_236' title='bbox 385 3165 524 3249; x_wconf 82' lang='lat' dir='ltr'>Qui</span> <span class='ocrx_word' id='word_1_237' title='bbox 562 3181 759 3228; x_wconf 87' lang='lat' dir='ltr'>tamen</span> <span class='ocrx_word' id='word_1_238' title='bbox 796 3182 906 3227; x_wconf 86' lang='lat' dir='ltr'>eos</span> <span class='ocrx_word' id='word_1_239' title='bbox 954 3163 1267 3244; x_wconf 86' lang='lat' dir='ltr'>fingularit</span> <span class='ocrx_word' id='word_1_240' title='bbox 1368 3162 1604 3224; x_wconf 79' lang='lat' dir='ltr'>novisse</span> <span class='ocrx_word' id='word_1_241' title='bbox 1644 3162 1813 3246; x_wconf 80' lang='lat' dir='ltr'>ardet</span> <span class='ocrx_word' id='word_1_242' title='bbox 1846 3208 1867 3238; x_wconf 90' lang='lat'>,</span> <span class='ocrx_word' id='word_1_243' title='bbox 1908 3162 2048 3224; x_wconf 89' lang='lat' dir='ltr'>huic</span> <span class='ocrx_word' id='word_1_244' title='bbox 2093 3161 2469 3226; x_wconf 80' lang='lat' dir='ltr'>consulenda</span> <span class='ocrx_word' id='word_1_245' title='bbox 2522 3153 2631 3242; x_wconf 71' lang='lat' dir='ltr'>est</span> 
     </span>
    </p>

    <p class='ocr_par' dir='ltr' id='par_1_7' title="bbox 388 3182 2630 3348">
     <span class='ocr_line' id='line_1_32' title="bbox 388 3182 2630 3348; baseline -0.004 -19"><span class='ocrx_word' id='word_1_246' title='bbox 388 3266 619 3348; x_wconf 87' lang='lat' dir='ltr'>optima</span> <span class='ocrx_word' id='word_1_247' title='bbox 649 3263 1070 3329; x_wconf 85' lang='lat' dir='ltr'>Tournefortii</span> <span class='ocrx_word' id='word_1_248' title='bbox 1108 3182 1353 3345; x_wconf 52' lang='lat' dir='ltr'>lsagoege</span> <span class='ocrx_word' id='word_1_249' title='bbox 1384 3265 1650 3324; x_wconf 87' lang='lat' dir='ltr'>Autores</span> <span class='ocrx_word' id='word_1_250' title='bbox 1683 3260 1979 3342; x_wconf 69' lang='lat' dir='ltr'>sigillatim</span> <span class='ocrx_word' id='word_1_251' title='bbox 1999 3282 2352 3327; x_wconf 85' lang='lat' dir='ltr'>enumerans</span> <span class='ocrx_word' id='word_1_252' title='bbox 2384 3263 2455 3325; x_wconf 72' lang='lat' dir='ltr'>Gt</span> <span class='ocrx_word' id='word_1_253' title='bbox 2500 3249 2630 3335; x_wconf 83' lang='lat' dir='ltr'>de..</span> 
     </span>
    </p>

    <p class='ocr_par' dir='ltr' id='par_1_8' title="bbox 298 3349 2629 3959">
     <span class='ocr_line' id='line_1_33' title="bbox 389 3349 2629 3466; baseline 0 -37"><span class='ocrx_word' id='word_1_254' title='bbox 389 3366 577 3429; x_wconf 87' lang='lat' dir='ltr'>bitam</span> <span class='ocrx_word' id='word_1_255' title='bbox 599 3366 920 3447; x_wconf 87' lang='lat' dir='ltr'>unicuique</span> <span class='ocrx_word' id='word_1_256' title='bbox 938 3365 1129 3427; x_wconf 90' lang='lat' dir='ltr'>laudis</span> <span class='ocrx_word' id='word_1_257' title='bbox 1149 3380 1380 3446; x_wconf 90' lang='lat' dir='ltr'>partem</span> <span class='ocrx_word' id='word_1_258' title='bbox 1405 3365 1694 3428; x_wconf 88' lang='lat' dir='ltr'>tribuens.</span> <span class='ocrx_word' id='word_1_259' title='bbox 1716 3365 1957 3427; x_wconf 88' lang='lat' dir='ltr'>Horum</span> <span class='ocrx_word' id='word_1_260' title='bbox 1977 3349 2331 3429; x_wconf 77' lang='lat' dir='ltr'>successores</span> <span class='ocrx_word' id='word_1_261' title='bbox 2358 3366 2629 3466; x_wconf 46' lang='lat' dir='ltr'>ibide-3</span> 
     </span>
     <span class='ocr_line' id='line_1_34' title="bbox 298 3465 2629 3551; baseline -0.001 -19"><span class='ocrx_word' id='word_1_262' title='bbox 298 3485 345 3532; x_wconf 72' lang='grc' dir='ltr'><strong><em>ο</em></strong></span> <span class='ocrx_word' id='word_1_263' title='bbox 390 3468 709 3532; x_wconf 86' lang='lat' dir='ltr'>memorati</span> <span class='ocrx_word' id='word_1_264' title='bbox 741 3466 1208 3531; x_wconf 87' lang='lat' dir='ltr'>constantiorem</span> <span class='ocrx_word' id='word_1_265' title='bbox 1248 3469 1308 3528; x_wconf 89' lang='lat' dir='ltr'>in</span> <span class='ocrx_word' id='word_1_266' title='bbox 1348 3465 1749 3530; x_wconf 87' lang='lat' dir='ltr'>describendis</span> <span class='ocrx_word' id='word_1_267' title='bbox 1780 3468 1998 3551; x_wconf 87' lang='lat' dir='ltr'>plantis</span> <span class='ocrx_word' id='word_1_268' title='bbox 2025 3467 2252 3529; x_wconf 86' lang='lat' dir='ltr'>dedere</span> <span class='ocrx_word' id='word_1_269' title='bbox 2287 3484 2629 3550; x_wconf 74' lang='lat' dir='ltr'>operam,</span> 
     </span>
     <span class='ocr_line' id='line_1_35' title="bbox 388 3566 2628 3660; baseline -0.001 -29"><span class='ocrx_word' id='word_1_270' title='bbox 388 3571 489 3633; x_wconf 85' lang='lat' dir='ltr'>sed</span> <span class='ocrx_word' id='word_1_271' title='bbox 531 3568 963 3651; x_wconf 85' lang='lat' dir='ltr'>principiorum</span> <span class='ocrx_word' id='word_1_272' title='bbox 999 3566 1231 3630; x_wconf 65' lang='lat' dir='ltr'>defeetu</span> <span class='ocrx_word' id='word_1_273' title='bbox 1266 3569 1340 3629; x_wconf 79' lang='grc' dir='ltr'>δι·</span> <span class='ocrx_word' id='word_1_274' title='bbox 1362 3569 1584 3650; x_wconf 85' lang='lat' dir='ltr'>ignotis</span> <span class='ocrx_word' id='word_1_275' title='bbox 1617 3569 1963 3651; x_wconf 82' lang='lat' dir='ltr'>quibusdam</span> <span class='ocrx_word' id='word_1_276' title='bbox 1998 3569 2321 3660; x_wconf 69' lang='lat' dir='ltr'>praecipuis</span> <span class='ocrx_word' id='word_1_277' title='bbox 2344 3573 2628 3652; x_wconf 74' lang='lat' dir='ltr'>organis</span> 
     </span>
     <span class='ocr_line' id='line_1_36' title="bbox 389 3661 2627 3753; baseline 0.001 -18"><span class='ocrx_word' id='word_1_278' title='bbox 389 3661 629 3735; x_wconf 68' lang='lat' dir='ltr'>mancas</span> <span class='ocrx_word' id='word_1_279' title='bbox 664 3668 879 3751; x_wconf 68' lang='lat' dir='ltr'>saepius</span> <span class='ocrx_word' id='word_1_280' title='bbox 921 3668 1354 3751; x_wconf 87' lang='lat' dir='ltr'>descriptiones</span> <span class='ocrx_word' id='word_1_281' title='bbox 1396 3673 1462 3733; x_wconf 72' lang='grc' dir='ltr'>δι</span> <span class='ocrx_word' id='word_1_282' title='bbox 1505 3690 1720 3753; x_wconf 88' lang='lat' dir='ltr'>pravas</span> <span class='ocrx_word' id='word_1_283' title='bbox 1757 3670 1990 3752; x_wconf 87' lang='lat' dir='ltr'>semper</span> <span class='ocrx_word' id='word_1_284' title='bbox 2020 3669 2487 3734; x_wconf 77' lang='lat' dir='ltr'>distributiones</span> <span class='ocrx_word' id='word_1_285' title='bbox 2511 3693 2627 3744; x_wconf 71' lang='lat' dir='ltr'>&#39;ex</span> 
     </span>
     <span class='ocr_line' id='line_1_37' title="bbox 385 3769 2627 3857; baseline 0 -23"><span class='ocrx_word' id='word_1_286' title='bbox 385 3770 545 3835; x_wconf 85' lang='lat' dir='ltr'>locis</span> <span class='ocrx_word' id='word_1_287' title='bbox 589 3785 691 3831; x_wconf 88' lang='lat' dir='ltr'>aut</span> <span class='ocrx_word' id='word_1_288' title='bbox 741 3769 1127 3851; x_wconf 86' lang='lat' dir='ltr'>qualitatibus</span> <span class='ocrx_word' id='word_1_289' title='bbox 1178 3786 1283 3834; x_wconf 87' lang='lat' dir='ltr'>aut</span> <span class='ocrx_word' id='word_1_290' title='bbox 1338 3771 1626 3843; x_wconf 62' lang='lat' dir='ltr'>limeiuta</span> <span class='ocrx_word' id='word_1_291' title='bbox 1676 3788 1782 3833; x_wconf 90' lang='lat' dir='ltr'>aut</span> <span class='ocrx_word' id='word_1_292' title='bbox 1835 3771 2045 3833; x_wconf 88' lang='lat' dir='ltr'>habitu</span> <span class='ocrx_word' id='word_1_293' title='bbox 2093 3770 2248 3831; x_wconf 78' lang='lat' dir='ltr'>male</span> <span class='ocrx_word' id='word_1_294' title='bbox 2290 3789 2627 3857; x_wconf 68' lang='lat' dir='ltr'>percepto</span> 
     </span>
     <span class='ocr_line' id='line_1_38' title="bbox 386 3867 2626 3959; baseline 0 -21"><span class='ocrx_word' id='word_1_295' title='bbox 386 3871 592 3949; x_wconf 50' lang='lat' dir='ltr'>dunas</span> <span class='ocrx_word' id='word_1_296' title='bbox 616 3870 1019 3953; x_wconf 87' lang='lat' dir='ltr'>tradiderunt,</span> <span class='ocrx_word' id='word_1_297' title='bbox 1041 3871 1177 3959; x_wconf 65' lang='lat' dir='ltr'>utili</span> <span class='ocrx_word' id='word_1_298' title='bbox 1208 3886 1408 3938; x_wconf 87' lang='lat' dir='ltr'>tamen</span> <span class='ocrx_word' id='word_1_299' title='bbox 1448 3872 1780 3955; x_wconf 87' lang='lat' dir='ltr'>specierum</span> <span class='ocrx_word' id='word_1_300' title='bbox 1802 3872 2181 3955; x_wconf 86' lang='lat' dir='ltr'>cognitarum</span> <span class='ocrx_word' id='word_1_301' title='bbox 2211 3867 2626 3946; x_wconf 55' lang='lat' dir='ltr'>indicatione*</span> 
     </span>
    </p>
   </div>
   <div class='ocr_carea' id='block_1_2' title="bbox 144 1376 349 1427">
    <p class='ocr_par' dir='ltr' id='par_1_9' title="bbox 144 1376 349 1427">
     <span class='ocr_line' id='line_1_39' title="bbox 144 1376 349 1427; baseline 0.015 -2"><span class='ocrx_word' id='word_1_302' title='bbox 144 1376 349 1427; x_wconf 78' lang='lat' dir='ltr'>Genera.</span> 
     </span>
    </p>
   </div>
  </div>
 </body>
</html>
