2646 4292
337 95 482 196 xxij

344 230 706 306 vaillantius
719 253 741 313 ς
761 229 1003 320 pollinis
1030 231 1394 300 dehiscentia
1411 233 1475 299 δι
1497 248 1661 301 aurae
1684 228 1976 302 seminaiis
1999 225 2222 308 emiffio
2241 229 2308 295 B.
2330 226 2568 293 Jufl'aei

352 340 418 403 δε
452 338 809 403 Needbamii
850 335 1387 400 observationibus
1428 336 1761 401 innotuere.
1801 330 1944 398 Inde
1987 334 2263 417 pistillum
2306 331 2370 393 δι
2412 329 2562 391 sta-

350 442 513 508 mina
558 442 741 524 pluris
783 440 1065 505 aestimata
1092 438 1374 502 meliores
1421 438 1749 502 exhibuere
1784 454 1958 502 notas
1987 451 2133 518 quas
2163 436 2441 496 Linnaeus
2473 431 2559 492 in

351 542 661 625 genericas
699 538 838 623 apte
877 542 1234 622 composuitd
1275 539 1549 604 Adauflo
1593 541 1671 603 fic
1721 539 1872 602 intra
1918 537 2132 601 florem
2164 534 2562 598 caneierum

353 645 768 734 generjcorum
820 660 1073 705 numero
1099 688 1119 715 ,
1158 660 1269 704 eos
1311 661 1523 706 omnes
1570 662 1645 705 ex
1689 641 2186 714 fruetificatione,
2221 637 2420 700 nunes
2459 654 2563 699 ex

350 745 588 808 caeteris
608 739 878 826 pa'rtibus
903 744 1204 806 eruendos
1223 742 1339 806 effe
1361 740 1614 806 sancivit
1636 741 2079 821 circumscripta
2105 726 2561 802 antecess'ontm

353 843 501 925 lege.
561 843 919 906 SecundarIa
972 845 1152 923 igitur
1207 844 1484 924 rejiciens
1533 837 1954 906 Tournefortii
2004 858 2222 920 genera
2246 882 2267 911 ,
2317 850 2567 897 catera

355 947 560 1009 omnia
595 947 886 1009 recudens
909 992 931 1019 ,
968 947 1147 1010 utiles
1182 944 1507 1029 unicuique
1543 946 1849 1008 staminum
1887 943 1958 1004 διε
1985 941 2183 1025 pistilli
2216 953 2392 1002 notas
2423 936 2566 1011 ad-

356 1046 509 1109 didit
527 1086 547 1123 ,
585 1048 899 1111 nonnullas
938 1048 1177 1132 insuper
1201 1068 1278 1112 ex
1315 1045 1500 1111 calice
1523 1048 1586 1111 δι
1610 1034 1929 1111 corolla&
1957 1043 2150 1127 fruQu
2170 1036 2569 1123 deprompsit

355 1149 620 1212 anterius
647 1150 1091 1231 praetermifl'aS,
1128 1153 1193 1214 δι
1229 1151 1550 1215 ordinatim
1584 1148 1882 1235 perpensis
1914 1146 2170 1227 partium
2192 1157 2454 1205 numero
2475 1139 2564 1202 δι

356 1247 552 1329 figura
584 1249 644 1309 δι
673 1250 1073 1331 proportione
1114 1252 1174 1312 &
1203 1249 1317 1312 situ
1334 1294 1353 1324 ,
1377 1248 1711 1333 protensam
1734 1246 2214 1325 uniformemque
2243 1258 2560 1323 generum

355 1361 483 1411 tum
498 1369 809 1413 novorum
831 1367 958 1413 tum
988 1351 1454 1415 reformatorum
1469 1350 1678 1414 seriem
1696 1394 1716 1426 ‚
1733 1364 1960 1431 gratam
1979 1344 2284 1410 Botanicis
2306 1363 2376 1406 ac
2399 1362 2564 1407 om·-

356 1451 536 1514 nibus
577 1452 702 1516 fere
740 1471 893 1520 nunc
931 1472 1235 1536 acceptam
1274 1455 1599 1518 constituit.

435 1549 519 1616 Ea
565 1556 857 1635 genericae
900 1555 1375 1618 construetionis-
1401 1573 1614 1618 norma
1656 1554 1720 1616 in
1758 1553 2037 1636 praesenti
2082 1548 2331 1614 scientiae
2381 1547 2559 1615 statu

352 1654 559 1725 utilis,
599 1657 911 1719 arbitraria
947 1670 1146 1721 tamen
1191 1658 1433 1722 videtur
1467 1657 1532 1720 δε
1563 1656 1888 1720 etiamnum
1935 1653 2237 1717 indefinita
2276 1649 2564 1731 ideoque

350 1756 619 1820 nondum
639 1756 956 1839 generibus
975 1760 1121 1822 vere
1146 1760 1512 1823 naturalibus
1532 1758 1919 1822 conficiendis
1941 1756 2193 1820 omnino
2208 1753 2522 1817 sufficiens
2540 1795 2567 1826 ,

350 1860 800 1922 contradicente
831 1859 1081 1922 Linnaeo
1106 1862 1206 1941 qui
1232 1860 1365 1924 suas
1387 1878 1669 1943 generum
1691 1859 1945 1922 caesuras
1974 1856 2204 1938 semper
2238 1848 2563 1916 naturales

349 1949 580 2038 judicat
631 1960 694 2022 δε
746 1960 991 2021 cuilibet
1037 1959 1406 2024 ordinationi
1456 1962 1629 2024 facile
1685 1959 2240 2024 accommodandas,
2290 1956 2558 2021 Dantur

351 2059 594 2124 enimin
640 2049 1094 2123 fructificatione
1119 2077 1316 2142 partes
1341 2080 1412 2123 ac
1445 2062 1708 2123 rationes
1733 2062 1866 2123 aliae
1897 2058 2030 2121 aliis
2061 2056 2560 2143 praestantiore5‚

353 2159 423 2222 δι
474 2160 722 2223 subinde
777 2161 1103 2224 caraffiieres
1150 2162 1436 2243 dignitate
1488 2163 1847 2244 inaequale3‚
1887 2161 1986 2224 alii
2032 2159 2300 2242 primarii
2347 2157 2556 2219 effen·
2627 2225 2628 2228 ,

354 2260 526 2323 tiales
553 2307 570 2334 ‚
618 2260 719 2322 alii
767 2261 1095 2324 secundarii
1138 2262 1369 2325 tantum
1407 2265 1721 2344 ‚generales
1756 2309 1776 2339 ,
1821 2259 1921 2325 alii
1965 2262 2160 2324 infimi
2207 2259 2557 2350 plurimun?

353 2360 799 2436 inconstantes,
847 2381 970 2425 non
1007 2375 1222 2426 omnes
1261 2363 1426 2426 certe
1482 2365 1773 2445 geneticae
1824 2360 2208 2443 designationi
2253 2359 2560 2441 peraeque

356 2460 576 2525 idonei.
595 2462 864 2544 Quidam
901 2462 1138 2546 insuper
1174 2464 1343 2528 extra
1362 2464 1872 2527 frufiiificationem
1905 2462 2291 2545 sparguntur,
2313 2477 2559 2541 praece·
2627 2463 2628 2468 ’

356 2563 631 2625 dentibus
675 2563 896 2626 infimis
940 2565 1281 2646 digniores,
1320 2566 1398 2628 iis
1448 2563 1626 2647 longe
1675 2564 2058 2649 praeponendi
2094 2611 2113 2641 ‚
2161 2562 2557 2645 generalibus

353 2661 654 2726 interdum
709 2667 1087 2747 coaequales,
1137 2668 1356 2749 partim
1396 2666 1571 2732 refufi
1613 2669 1673 2730 in
1719 2666 2088 2730 secundariis
2116 2663 2557 2727 Tournefortii

355 2766 716 2844 generibus,
760 2768 821 2827 in
860 2767 993 2830 aliis
1043 2769 1193 2832 vere
1241 2770 1611 2833 naturalibus
1653 2768 1813 2852 saepe
1853 2766 2235 2836 conformes,
2290 2768 2350 2828 in
2396 2766 2553 2847 ipsis

258 2864 269 2876 ’
353 2861 671 2930 ordinibus
708 2863 1055 2932 definiendis
1088 2872 1516 2954 nonnunquam
1546 2869 1854 2951 adjutores
1891 2868 2117 2932 &ideo
2153 2865 2273 2931 non
2301 2865 2550 2929 medio-

19 3489 307 3544 Nomencla·

27 3574 56 3602 o
118 3564 165 3608 ὃ(
223 3559 303 3610 de·

19 3633 195 3693 triptio.

354 2984 490 3029 cres
520 2968 584 3027 in
614 2968 721 3030 usu
745 2967 1050 3038 botanico.
1070 2961 1330 3033 Faaitiae
1353 2972 1533 3052 igitur
1556 2972 1689 3033 sunt
1710 2970 1929 3053 regulae
1965 2970 2299 3032 Linnaeanae
2326 2985 2546 3030 carac-

352 3080 551 3132 terum
587 3069 884 3133 ssoralium
910 3072 1319 3155 inaequalitem
1347 3074 1411 3136 δι
1436 3059 1942 3137 'extra-floralium
1978 3068 2376 3153 quorumdam
2403 3068 2547 3132 vim

352 3186 478 3235 non
498 3175 897 3255 exprimentes
921 3194 941 3247 ;
966 3175 1062 3236 sed
1091 3177 1126 3236 a
1152 3175 1518 3237 naturalibus
1542 3176 1750 3257 parum
1775 3172 1978 3236 diffitae
2009 3190 2226 3254 genera
2250 3171 2547 3234 exhibent

351 3267 881 3340 Tournefortianis
894 3278 1318 3358 praestantiora,
1336 3280 1594 3362 plurima
1608 3278 1837 3358 semper
1850 3276 2230 3349 admittenda,
2249 3273 2549 3356 pauciora

346 3375 725 3441 reformanda
746 3427 765 3454 ,
797 3395 932 3462 quae
955 3379 1120 3442 fimul
1145 3382 1355 3445 utilem
1383 3383 1460 3443 in.
1478 3380 1932 3443 scientia-basim
1957 3396 2115 3452 nunc
2139 3376 2544 3460 suppeditant.
2579 3375 2586 3386 '

425 3478 703 3561 Cognitis
745 3481 1105 3546 caraflerum
1152 3503 1281 3566 ope
1317 3483 1631 3566 speciebus
1668 3485 1728 3547 δι
1777 3482 1979 3545 iisdem
2026 3482 2088 3542 in
2139 3499 2355 3560 genera
2399 3479 2541 3540 col-

346 3579 547 3655 leuis,
578 3583 732 3645 alius
779 3584 861 3646 est
909 3584 1208 3649 Botanico
1257 3585 1431 3651 labor
1473 3586 1885 3662 inchoandus,
1928 3582 2142 3665 nempe
2192 3596 2260 3643 ut
2310 3595 2537 3662 genera

340 3680 682 3765 speciesque
725 3702 872 3768 apto
910 3684 1167 3768 designet
1205 3688 1453 3768 nomine
1487 3689 1552 3752 δι
1592 3686 1773 3751 solida
1811 3684 2204 3768 descriptione
2245 3681 2491 3745 definiat
2517 3730 2540 3759 ‚

337 3785 423 3846 ita
477 3798 544 3845 ut
594 3785 839 3847 nomine
883 3789 946 3848 δι
998 3788 1349 3853 definitione
1391 3787 1426 3851 a
1474 3790 1706 3853 caeteris
1751 3788 2034 3852 omnibus
2086 3784 2572 3867 dignoscantur.-

338 3882 422 3947 Ea
460 3898 657 3949 autem
696 3885 964 3953 scientiae
999 3910 1174 3972 pars,
1217 3886 1362 3955 licet
1401 3910 1521 3955 non
1564 3890 1848 3973 primaria
1880 3902 1989 3951 nee
2030 3883 2336 3951 scientiam
2376 3883 2533 3948 vere
