2646 4292
2093 140 2286 233 xxvij

119 279 469 357 tificationis
503 284 835 371 praestantia
878 285 1042 350 veris
1078 283 1342 348 innotuit
1374 280 1711 354 Botanicis‚
1754 266 2010 362 singulus
2053 277 2164 341 suo
2196 295 2292 340 at·-

116 388 340 451 birram
389 407 615 472 partem
657 391 717 451 in
762 389 834 452 ea
884 386 1347 450 manifestiorem
1387 398 1491 446 aut
1532 382 1855 466 praecipuis
1897 374 2330 443 caracteribus·

121 488 583 572 multiplicandis
624 490 916 573 aptiorem
968 489 1168 570 elegit.
1214 486 1488 551 Sexubus
1527 483 1796 547 nondum
1839 482 2091 562 cognitis
2120 527 2139 555 ,
2187 481 2289 543 alii

114 588 367 653 fruflum
393 635 418 662 ,
465 588 568 653 alii
615 591 862 655 calicem
890 635 908 665 ‚
968 590 1068 652 alii
1113 588 1408 652 corollam
1451 583 1837 670 praeposuere
1871 628 1893 654 ‚
1946 582 2057 645 suo
2106 583 2288 645 modo

113 692 580 774 sapen—struentes
626 694 952 778 unicuique
997 690 1350 756 methodum
1394 687 1566 752 varie
1617 684 1950 769 dispofitam
2006 704 2080 748 ac
2138 682 2287 747 vere

115 794 570 877 systematicam.

186 894 438 962 Utilitas
472 898 741 963 methodi
773 914 842 963 ea
873 897 955 963 est
992 913 1060 963 ut
1094 914 1308 981 genera
1339 896 1559 978 species
1587 892 1803 958 similes
1834 884 2291 989 conneetent123

116 996 485 1064 inseffiones
509 1001 670 1067 notis
704 1004 1065 1067 secundariis
1100 1003 1425 1083 designatas
1460 1005 1828 1073 convocata,
1862 993 2111 1058 ulterius
2135 1012 2281 1057 con-

116 1116 346 1181 gegata
388 1102 454 1163 in
495 1103 695 1166 classes
728 1125 805 1167 ex
842 1097 1551 1168 nonnullis-sefflonibus
1591 1098 1951 1182 compositas
1991 1098 2276 1179 signoque

117 1197 378 1265 definitas
424 1203 720 1285 primario
764 1224 834 1269 ac
873 1205 1263 1289 simpliciori,
1311 1200 1707 1267 ordinationis
1754 1200 1931 1280 hujus
1979 1199 2274 1264 beneficio

120 1300 288 1365 facile
303 1305 726 1386 dignoscantur
747 1309 890 1371 dato
908 1309 1201 1372 caraClere
1220 1353 1239 1379 ,
1261 1306 1328 1369 &
1351 1305 1756 1368 incunRanter
1770 1304 2012 1366 nomine
2028 1302 2277 1384 proprio

120 1400 451 1469 salutentur.
488 1400 587 1470 Sic
622 1405 875 1492 quilibet
908 1410 968 1470 in
1003 1409 1269 1472 exercitu
1304 1408 1476 1470 miles
1503 1424 1646 1469 mox
1669 1406 1990 1488 reperitur,
2024 1404 2283 1485 cognitis

120 1500 285 1585 hujus
321 1507 562 1590 legione
612 1510 678 1573 &
723 1510 920 1573 turma
969 1512 1033 1573 δε
1089 1511 1398 1592 manipulo
1452 1512 1515 1572 &
1576 1507 1993 1571 contubernio.
2038 1504 2150 1567 Sed
2192 1525 2282 1567 eae

124 1605 442 1685 plantarum
509 1610 957 1673 distributiones
1032 1609 1392 1673 methodicae
1458 1610 1518 1671 in
1589 1609 1819 1670 tantum
1883 1606 2087 1669 valent
2133 1651 2152 1679 ‚
2217 1605 2281 1667 in

121 1714 386 1793 quantum
426 1715 724 1778 naturales
742 1716 805 1777 δι
835 1698 1038 1778 faciles
1068 1714 1130 1777 δι
1154 1713 1487 1778 uniformes
1515 1714 1805 1774 habentur
1829 1729 1850 1768 ι
1870 1724 1942 1772 10.
1964 1708 2096 1790 Qui
2120 1708 2281 1769 enim

120 1808 333 1879 naturae
371 1814 579 1880 sedqu
637 1835 848 1899 parent
896 1817 1167 1879 Botanici
1225 1818 1286 1879 in
1342 1816 1793 1877 individuorum
1844 1814 1908 1875 &
1954 1810 2281 1893 specierum

120 1915 488 1980 connexione
510 1963 531 1992 ‚
576 1919 651 1981 ab
692 1920 763 1981 ea
804 1918 1055 1981 nimium
1088 1920 1371 1982 recedere
1394 1918 1745 1993 erubescunt
1776 1917 1835 1978 in
1867 1933 2148 1998 generum
2177 1932 2280 1993 ap-

120 2018 552 2097 proximatione
573 2065 592 2095 ,
623 2039 882 2102 quorum
922 2021 1132 2082 dantur
1166 2020 1439 2103 plurimae
1465 2018 1647 2081 series
1678 2018 1946 2100 apprime
1985 2016 2282 2079 naturales

120 2118 389 2184 omnibus
427 2114 837 2206 acceptiffimae
868 2171 886 2199 ‚
929 2121 1061 2184 aliis
1099 2122 1314 2184 ordines
1347 2118 1618 2184 naturales
1640 2167 1660 2197 ‚
1690 2117 1824 2182 aliis
1844 2116 2145 2201 fragmenta
2176 2140 2277 2178 na·

123 2221 303 2280 walia
344 2222 535 2285 diRae.
588 2221 815 2285 Harum
855 2221 1169 2286 nonnullas
1214 2221 1531 2304 methodus
1569 2221 1852 2303 quaelibet
1885 2221 2088 2284 servat
2127 2219 2279 2281 indi»

121 2318 303 2395 visas,
334 2320 417 2385 εὸ
447 2319 763 2404 ρειΐεᾶἱοι·
802 2322 1003 2387 habita
1037 2325 1226 2386 tacito
1257 2338 1485 2385 naturae
1526 2313 1673 2403 jussu
1695 2367 1714 2393 ,
1760 2323 1882 2404 quo
1923 2320 2121 2403 plures
2169 2320 2280 2382 ad-

125 2422 347 2488 miserit.
406 2439 496 2488 20.
551 2424 948 2507 Explanandae
993 2442 1191 2489 tamen
1243 2425 1505 2487 scientiae
1559 2424 1851 2507 studiique
1890 2422 2280 2486 contrahendi

128 2526 330 2607 cupido
374 2527 769 2591 Methodicos
811 2529 849 2590 a
889 2527 1100 2591 natura
1138 2527 1294 2610 saepe
1341 2528 1693 2610 detorquet,
1734 2525 2005 2588 notitiam
2048 2523 2284 2586 facilem

129 2626 527 2692 universaliori
555 2619 1000 2713 praeponentes,
1032 2632 1249 2714 quibus
1282 2630 1544 2712 plantam
1570 2628 1894 2711 praesertim
1923 2625 2279 2702 nominasse,

128 2728 305 2792 minus
338 2750 416 2794 ex
454 2720 691 2812 inte'gro
719 2731 953 2794 noviffe
979 2731 1218 2815 expedit
1253 2753 1269 2792 τ
1312 2731 1450 2793 inde
1488 2749 1695 2792 omnes
1730 2729 2115 2810 requiruntur
2157 2726 2282 2808 sys-

122 2832 332 2894 tematis
375 2829 706 2894 divisiones
738 2849 860 2894 non
897 2832 1158 2895 confusae
1196 2851 1305 2894 nec
1339 2831 1668 2914 ambiguae,
1704 2829 1804 2891 secl
1847 2828 2274 2892 distinaiffimae

124 2928 176 2989 ez
206 2929 534 3014 perspicuae
568 2933 631 2995 ὅτ
668 2933 966 2996 ἰηῐείῐεᾶιι
1007 2930 1238 3010 faciles,
1265 2932 1439 3016 fignis
1463 2929 1777 2995 manifestis
1798 2929 1861 2992 δι
1884 2930 2283 2994 constamibus

126 3028 337 3097 innixae.
393 3051 483 3118 3⁰·
526 3033 746 3117 Aliqua
794 3033 1035 3117 insuper
1088 3034 1216 3098 laus
1254 3034 1540 3098 tribuitur
1593 3034 1891 3116 systemati
1933 3033 2102 3114 cujus
2149 3035 2280 3116 pri-

124 3135 308 3197 mariae
340 3155 557 3198 omnes
598 3156 674 3198 ex
715 3136 929 3199 eodem
972 3153 1204 3217 organo
1242 3136 1308 3198 δι
1343 3133 1696 3206 secundariae
1746 3154 1821 3197 ex
1865 3134 2058 3197 altero
2111 3135 2279 3196 divi-
2355 3207 2368 3224 ι

124 3233 294 3299 {iones
327 3255 630 3302 eruuntur
659 3238 744 3300 ita
769 3239 1232 3323 circumscriptae
1256 3259 1328 3301 ac
1357 3239 1557 3300 solidae
1577 3281 1596 3310 ,
1628 3255 1694 3301 ut
1719 3258 1845 3301 uno
1877 3238 2037 3321 quasi
2067 3254 2282 3300 tenore

92 3333 437 3414 „diffluentes
489 3341 555 3403 δι
595 3341 888 3424 expeditae
910 3387 930 3419 ‚
966 3342 1393 3425 exceptionem
1452 3341 1786 3404 nullatenus
1839 3357 1943 3403 aut
1997 3337 2276 3402 rariffime

120 3439 429 3507 admittant.
696 3460 701 3465 ·
2073 3459 2078 3468 '

119 3742 358 3805 chronici
394 3745 428 3806 ἱι
464 3764 713 3817 tempore
748 3741 989 3802 ‘florendi
1019 3785 1039 3814 ,
1090 3738 1387 3815 Topophili
1423 3739 1456 3799 ὲ
1490 3739 1618 3800 loco
1657 3736 1821 3796 natali
1847 3783 1864 3808 ,
1889 3733 2174 3830 ’Empirici
2204 3733 2276 3793 ab

117 3838 199 3898 usn
237 3843 495 3913 medico,
543 3837 863 3918 Seplastarii
901 3839 934 3901 a
972 3836 1521 3910 Pharmacopaeotum
1562 3832 1928 3906 dispofitione.
1962 3831 2117 3892 Phil.
2145 3830 2280 3891 Bor.

113 3957 160 3994 ι.
187 3956 384 4013 ²5-31·
