2646 4292
349 85 486 160 228

787 510 1540 596 CLAssls
1652 510 2033 644 xiil.

339 703 793 818 ‘PLANTAE
870 734 1715 810 DICOTYLEDONES
1777 735 2469 813 POLYPETALAE.

703 923 1320 986 STAMINA
1397 922 2162 994 HYPOGYNA.

340 1067 461 1205 C
490 1146 731 1202 Ale
799 1148 1026 1198 mono
1093 1143 1215 1196 aut
1274 1123 1740 1226 polyphyllus
1768 1182 1788 1212 ,
1851 1123 2187 1197 rariffime
2254 1125 2497 1199 nullus.

333 1247 580 1324 Petala
632 1244 1026 1348 hypogyna
1073 1241 1191 1315 seu
1235 1237 1493 1314 inserta
1541 1240 1669 1315 sub
1715 1242 2008 1341 pistillo,
2056 1241 2347 1317 definita
2385 1267 2501 1317 aut

333 1365 674 1440 rarissime
711 1360 1079 1436 indefinita
1116 1420 1135 1451 ‚
1187 1359 1613 1460 plerumque
1643 1358 1965 1433 distin&a
1993 1383 2117 1434 aut
2148 1361 2498 1434 interdum

331 1487 411 1559 in
472 1481 821 1557 corollam
884 1474 1732 1578 pseudo-monopetalam
1808 1475 1957 1550 bafi
2025 1478 2286 1552 coalita
2316 1540 2335 1568 ‚
2389 1500 2499 1552 aut

332 1604 503 1679 rari)
541 1600 758 1675 nulla.
797 1598 1121 1671 Stamina
1154 1597 1546 1702 hypogyna
1569 1656 1589 1687 ,
1629 1596 1921 1670 definita
1953 1620 2078 1670 aut
2108 1597 2495 1688 indefinita,

326 1722 705 1796 filamentis
789 1716 963 1816 saep'e
1039 1714 1372 1789 distinctis
1436 1737 1558 1789 aut
1622 1713 2063 1815 quandoque
2142 1719 2219 1788 in
2288 1741 2497 1790 unum

325 1834 747 1915 tubulosum
791 1835 1066 1911 coalitis
1097 1894 1117 1925 ,
1183 1856 1306 1907 aut
1361 1832 1584 1907 rarius
1641 1837 1717 1906 in
1773 1834 1982 1933 plura
2046 1830 2494 1910 fasciculatim

330 1961 644 2037 colleffis
692 1988 712 2042 3
777 1957 1086 2031 antherae
1161 1955 1493 2029 distinctae
1548 1960 1674 2050 (in
1726 1957 1794 2030 V
1800 1957 1943 2030 iola
1988 1960 2070 2031 &
2115 1956 2495 2033 Balsaminfi

330 2101 653 2156 connatae
686 2085 733 2171 ).
790 2078 1105 2153 Germen
1158 2077 1493 2177 superum
1543 2137 1564 2168 ,
1638 2081 1713 2151 in
1775 2078 2099 2178 plurimis
2163 2083 2490 2167 unicum,
2576 2073 2577 2086 ¹

329 2203 408 2273 in
477 2180 838 2271 nonnullis¹
888 2196 1320 2297 multiplex'3
1394 2196 1605 2300 stylus
1664 2200 1914 2271 unicus
1964 2219 2086 2270 aut
2140 2197 2517 2298 multiplex.

290 2338 453 2395 “aut
506 2317 736 2391 nullus
779 2346 799 2401 ς
846 2315 1096 2416 stigma.
1136 2343 1363 2391 unum
1410 2340 1533 2391 aut
1577 2317 1974 2417 multiplex.
2040 2317 2335 2391 Fruecus
2389 2310 2488 2397 su<-

326 2462 536 2538 perus
575 2495 595 2525 ,
672 2459 863 2508 nunc
926 2431 1225 2533 simplex
1289 2436 1416 2508 uni
1459 2455 1582 2509 aut
1631 2435 2181 2510 multilocularis
2228 2496 2249 2526 ,
2317 2456 2490 2510 nunc
2570 2428 2571 2433 ’

321 2556 551 2630 rarius
593 2552 970 2653 multiplex
1011 2551 1285 2652 singulo
1325 2556 1721 2653 pericarpio
1767 2553 2223 2628 uniloculari.
2414 2558 2429 2570 ‘

406 2762 559 2822 035.
601 2759 927 2822 Staminum
960 2761 1320 2841 hypogynia
1368 2760 1555 2843 exigit
1595 2780 1844 2842 germen
1886 2760 2208 2841 superum;
2258 2758 2491 2822 admittit

326 2859 490 2925 idem
531 2858 778 2939 simplex
821 2875 925 2921 aut
965 2860 1275 2942 multiplex
1300 2906 1322 2933 ,
1373 2862 1626 2927 calicem
1675 2859 2143 2942 monophyllum
2187 2876 2291 2921 aut
2328 2857 2491 2940 poly-

321 2961 599 3045 phyllum
644 2977 745 3021 aut
782 2961 921 3022 rard>
959 2960 1187 3021 nullum
1211 3006 1230 3035 ,
1260 2963 1552 3023 corollam
1582 2960 1991 3044 polypetalatn
2027 2976 2131 3022 aut
2158 2959 2490 3043 quandoque

319 3062 593 3135 nullam,
638 3062 883 3122 stamina
937 3062 1179 3123 definita
1233 3080 1338 3125 aut
1392 3063 1705 3125 indefinita
1741 3108 1760 3137 ‚
1806 3062 2027 3124 coalita
2077 3078 2179 3124 aut
2226 3059 2488 3123 distinea-

314 3161 570 3228 Corolla
611 3162 826 3243 utpote
883 3163 1230 3244 polypetala
1273 3166 1339 3227 &
1389 3167 1724 3246 hypogyna
1775 3163 2124 3225 staminibus
2164 3157 2523 3243 hypogyuis-

316 3265 693 3346 germinique
743 3260 963 3343 supero
1012 3262 1243 3347 semper
1279 3265 1622 3346 adjungitur
1661 3264 2033 3345 caeterosque
2072 3263 2359 3346 permittit
2385 3277 2489 3323 me·

315 3383 592 3429 moratos
647 3364 1026 3441 cat-aeleres3
1088 3368 1299 3429 eadem
1346 3367 1643 3428 interdum
1691 3363 2321 3447 pseudo-monopetala
2361 3358 2519 3423 cali·-

307 3487 440 3531 cem
480 3486 624 3530 tunc
661 3464 922 3548 reposcit
961 3468 1429 3548 monophyllum
1455 3516 1476 3544 ‚
1530 3466 1751 3549 pariter
1803 3465 2155 3529 staminibus
2203 3459 2481 3529 monade!-

304 3570 446 3653 phis
489 3569 627 3648 jure
676 3566 1017 3629 adstantem.
1068 3567 1349 3630 Get-mini
1392 3570 1578 3632 unico
1627 3569 1815 3651 stylus
1857 3586 1960 3629 aut
2006 3567 2216 3648 stigma
2265 3560 2481 3645 simplex

305 3688 411 3733 aut
458 3670 827 3752 multiplex3
880 3670 1250 3750 germinibus
1305 3669 1522 3749 junffts
1574 3672 1716 3752 styli
1773 3685 1876 3733 aut
1924 3669 2190 3750 stigmata
2242 3665 2472 3731 totidem

309 3770 613 3851 fimplicia.

372 3871 438 3937 si
483 3891 600 3953 qua
645 3871 903 3937 difficilis
937 3888 1102 3938 extat
1129 3873 1555 3956 Vegetantium
1601 3872 1784 3938 series
1827 3870 2188 3936 instituenda
2220 3916 2240 3949 ,
2277 3889 2346 3935 ea
2393 3863 2465 3931 est
