2646 4292
2087 58 2106 87 b

2122 130 2289 222 xij

118 282 518 357 constituens,
556 284 701 348 huic
745 300 945 348 tamen
986 284 1423 367 promovendae
1467 284 1784 366 plurimum
1830 286 2110 358 confert,
2157 256 2298 352 i¹deo

120 404 245 448 non
276 386 632 467 aspernanda
664 387 764 450 sed
805 387 1162 450 elaboranda
1201 388 1536 450 accuratius
1555 431 1577 459 ,
1603 405 1670 448 ut
1710 385 1963 448 faciliori
1995 389 2304 453 locutione

119 486 565 564 conjunffiores
597 487 873 550 Botanici
903 488 1109 550 mutua
1143 488 1481 570 promptius
1507 487 1851 549 erudiantur
1877 487 2305 553 observatione

118 603 221 650 aut
248 589 655 653 meditatione.
702 589 870 651 Nihil
916 589 1057 653 utile
1086 609 1160 652 ex
1190 590 1481 652 Veterum
1528 589 1762 673 scriptis
1797 591 2155 666 eruendum,
2192 594 2298 674 qui

118 707 225 751 nec
257 706 431 772 aptas
466 691 680 772 saepius
704 692 1132 775 descriptiones
1154 712 1260 757 nec
1278 693 1520 756 nomina
1541 691 1930 755 immutabilia
1959 693 2296 774 protulere,

124 788 184 849 δι
216 790 361 851 inde
408 791 606 873 plures
640 793 858 853 horum
892 793 1109 874 plantae
1151 795 1209 853 in
1248 791 1357 856 usu
1393 793 1628 856 medico
1672 807 1930 873 receptae
1968 812 2125 855 nunc
2165 795 2297 855 nul-

120 889 348 953 latenus
395 892 771 954 innotescunt
810 893 1036 957 defeEiu
1075 913 1367 958 accuratae
1414 881 1838 976 descriptionis.
1895 893 2011 955 His
2066 892 2298 957 succes-

125 987 250 1053 sere
283 994 408 1053 viri
436 993 499 1053 in
540 1014 605 1055 re
628 994 910 1055 butanica
952 995 1268 1075 peritiores
1291 1042 1309 1070 ,
1358 995 1456 1057 sed
1483 996 1744 1058 nondum
1785 994 1963 1057 certis
1994 994 2152 1056 circa
2191 1012 2303 1056 no·

126 1093 581 1156 menclationem
613 1095 922 1176 principiis
948 1095 1137 1156 innixi
1166 1095 1312 1158 &in
1352 1095 1753 1158 describendis
1788 1096 2001 1176 plantis
2029 1108 2306 1156 contrac-

128 1192 307 1256 tiores
340 1214 446 1257 aut
488 1194 683 1258 diffufi
728 1195 953 1270 nimis,
996 1197 1258 1258 medium
1304 1214 1508 1260 tenere
1547 1195 1744 1257 nescii.
1779 1195 1959 1257 Nec
1945 1198 1987 1256 1i
2024 1194 2306 1277 profuere

129 1293 407 1373 scientiae,
431 1298 536 1377 qui
574 1295 967 1378 descriptione
1002 1297 1065 1359 δι
1096 1299 1341 1359 nomine
1376 1297 1542 1358 simul
1568 1296 1896 1375 conjunclis
1929 1297 2162 1377 plantas
2198 1295 2303 1358 de·

130 1380 419 1476 fignassant
458 1395 808 1459 definitione
852 1396 1100 1479 phrasim
1129 1416 1436 1480 mtegram
1475 1398 1860 1481 adaequante,
1901 1416 2034 1478 quae
2083 1395 2300 1480 speciei

128 1496 495 1560 nominandae
527 1497 859 1579 prolixior,
900 1498 1350 1561 describendae'
1337 1519 1526 1581 impar
1566 1500 1810 1562 evadit.
1847 1501 1984 1562 inde
2024 1499 2304 1563 mendosa

131 1599 511 1676 praecedentis
554 1590 734 1662 seculi
785 1600 1189 1662 nomenclatio
1246 1602 1278 1661 a
1315 1599 1755 1663 Tournefortio
1797 1609 1826 1638 ⁴
1867 1598 2103 1662 admissa
2148 1619 2299 1683 pro-

128 1699 405 1776 gredienti
444 1697 710 1763 scientia-2.
756 1720 988 1764 moram
1029 1702 1406 1785 interposuit.
1443 1703 1604 1764 Huic
1642 1701 1791 1764 vere
1828 1701 2144 1763 maximam
2168 1701 2305 1765 tulit

128 1816 289 1882 opem
312 1801 634 1879 Limatus,
653 1802 793 1864 ditm
815 1802 1026 1865 solutis
1053 1802 1346 1884 phrasium
1374 1803 1782 1864 botanicarum
1800 1803 2055 1881 vinculis
2076 1803 2302 1882 plantas

127 1920 324 1965 omnes
353 1904 580 1987 duplici
613 1902 846 1966 tantum
877 1902 1162 1986 inscripsit
1192 1904 1468 1979 nomine,
1500 1904 1690 1965 altero
1728 1904 2013 1985 generico
2047 1902 2297 1965 substan-

126 2003 261 2065 tivo
277 2051 295 2078 ‚
320 2004 518 2067 altero
545 2004 847 2085 adjeffivo
877 2003 977 2068 seu
1013 2004 1291 2088 specifico
1310 2051 1328 2080 ‚
1353 2004 1677 2067 caracteres
1702 2004 1988 2085 praeterea
2015 2004 2302 2066 exhibens

125 2103 181 2166 in
211 2103 614 2188 descriptione
643 2107 973 2190 'adaequatd
1000 2154 1019 2183 ‚
1046 2104 1266 2170 'verbis
1320 2106 1778 2189 significantibus
1809 2154 1828 2183 ‚
1869 2105 2051 2167 multa
2096 2106 2302 2188 pauci's

126 2209 451 2289 exprimens
491 2207 630 2269 stilo
669 2208 966 2271 technico.
1017 2208 1274 2290 Regulas
1330 2208 1567 2291 insuper
1617 2224 1741 2269 tum
1796 2206 2299 2269 nomenclationis

122 2322 237 2368 mm
282 2308 705 2390 descriptionis
743 2310 983 2371 tradidit
1017 2354 1039 2382 ,
1081 2309 1392 2390 plerasque
1434 2310 1694 2391 optimas
1735 2311 1798 2372 &
1837 2309 2157 2388 generatim
2198 2309 2298 2368 ad·

125 2408 425 2472 mittendas
451 2454 475 2481 ‚
532 2407 812 2491 quasdam
854 2409 1015 2473 forte
1068 2411 1454 2472 infirmandas
1485 2409 1509 2449 ⁶
1543 2410 1607 2472 &
1647 2410 1870 2492 ipsimet
1907 2429 2029 2470 non
2072 2410 2285 2472 sacraS.

124 2505 210 2571 Sic
252 2509 508 2593 sapienti
554 2510 734 2591 hujus
780 2511 1049 2575 instituto
1088 2531 1309 2573 nomen
1354 2513 1648 2594 genericum
1690 2510 1804 2573 effe
1851 2510 2025 2571 debet
2070 2511 2296 2572 immu-

187 2812 215 2839 ·
246 2797 346 2857 me
380 2813 575 2874 tamen
600 2796 1105 2858 'nomenclationem
1140 2797 1539 2879 emendandam
1565 2797 1843 2873 judicans,
1867 2793 2048 2854 aiebat
2071 2795 2126 2852 in
2149 2790 2290 2869 Isag.

130 2908 235 2964 pag.
259 2902 292 2949 6
298 2911 349 2966 3.
378 2883 453 2965 '64
476 2915 495 2951 t
522 2893 775 2951 Nomina
802 2890 926 2953 sunt
957 2893 1205 2966 quaedam
1239 2892 1410 2954 veluti
1435 2892 1779 2952 definitiones
1803 2935 1823 2960 ,
1861 2905 2086 2963 quarum
2120 2892 2291 2961 prima

126 3004 219 3045 vox
248 3006 455 3060 genus,
480 3006 683 3048 caeterae
714 2985 1084 3048 differenti-am
1119 2992 1492 3061 exprimunt.
1531 2987 1818 3046 ‚Nomina
1849 2985 1950 3045 sirit
1983 2985 2170 3044 brevia
2190 3028 2205 3043 .
2229 3026 2244 3042 .
2271 3029 2287 3043 .

129 3084 377 3144 nonnula
402 3085 700 3154 prolixiora
725 3087 816 3145 vix
848 3105 963 3145 uno
986 3083 1172 3158 spiritu
1205 3083 1452 3145 sustineri
1485 3080 1787 3156 possunt..
1812 3079 2006 3141 ‚Aliud
2032 3080 2111 3140 est
2132 3082 2288 3153 plan-

128 3193 221 3237 tam
241 3180 561 3253 appellare,
583 3180 735 3240 aliud
757 3178 1089 3242 describere.

184 3295 207 3334 ι
239 3276 324 3335 Sic
365 3277 642 3337 vocabula
679 3299 744 3337 ex
780 3297 961 3354 graeco
999 3289 1052 3340 &
1094 3279 1265 3338 latino
1302 3277 1462 3337 fonte
1500 3298 1610 3337 non
1651 3276 1884 3336 dedu&
1922 3296 2066 3334 nunc
2105 3271 2284 3345 palam

94 3371 281 3442 -rejicit
321 3391 473 3432 nunc
507 3376 700 3445 recipit
742 3372 976 3437 facilitis.
1019 3378 1106 3435 Sic
1146 3377 1314 3435 etiam
1355 3375 1649 3435 vernacula
1681 3372 1973 3432 excludens
2009 3373 2236 3430 nomina
2262 3412 2282 3439 ,

122 3461 233 3524 iicet
266 3466 581 3528 barbariem
612 3489 724 3528 non
754 3470 1039 3531 redoleant
1066 3470 1362 3544 antiquittis
1400 3488 1614 3543 recepta
1652 3476 1705 3527 δε
1744 3466 1910 3526 latine
1947 3464 2285 3535 desinentia,

123 3560 390 3634 supprimit
440 3563 802 3632 Adhatodam
824 3614 843 3640 ,
901 3566 1160 3627 Calabam
1188 3611 1206 3634 ,
1249 3566 1463 3626 Cei'bam
1490 3613 1508 3639 ,
1578 3565 1921 3647 Gunzumam
1946 3607 1965 3633 ,
2028 3558 2242 3636 Ifhram
2262 3608 2284 3633 ,

122 3656 401 3721 Kermiam
422 3709 441 3734 ,
478 3662 918 3740 Manfanillam,
961 3663 1390 3735 Guanabanum,
1422 3663 1742 3724 Gua‘iavam
1769 3705 1786 3730 ‚
1826 3658 2116 3737 Papayam
2137 3703 2154 3728 ,
2188 3658 2289 3715 Sa»

116 3755 797 3834 poem,Tap1·am&c.,
830 3759 1024 3833 quibus
1071 3759 1160 3819 sua
1192 3756 1493 3832 substituit,
1533 3756 1603 3816 ab
1643 3754 1825 3815 edicio
1863 3773 2047 3813 tamen
2091 3753 2288 3824 princi·

120 3855 199 3924 pio
218 3856 433 3918 aliunde
458 3855 751 3915 deflestens
767 3855 999 3916 admistis
1020 3855 1310 3918 Mammea
1337 3902 1355 3928 ‚
1389 3854 1614 3933 ΒαῙὲΙΙᾰ
1636 3898 1651 3925 ,
1686 3851 1895 3923 Dra-21⁸,
1919 3851 2122 3924 Huni,
2170 3847 2280 3908 Tu·

121 3947 263 4027 ὗρᾶ,
321 3951 621 4028 ίητειιηῑίῖ,
655 3953 866 4028 Genipci'
898 3948 998 4013 &c-

1801 4043 1973 4116 biv
