2646 4292
358 81 564 176 ngiij
1556 111 1565 139 ι

201 285 209 304 ,
357 223 655 309 rationem
678 219 938 303 explicat
953 216 1218 281 maxima
1233 216 1482 281 corollae
1497 212 1753 284 affinitas
1763 238 1900 287 eum
1923 217 2267 286 staminibus
2280 236 2566 306 quorum

82 2991 303 3041 classium

356 345 435 388 ex
462 324 633 386 dietis
665 345 723 401 p.
752 347 808 383 ν.
844 320 926 403 vj.
955 317 1058 398 xvj
1137 338 1284 382 vera
1313 319 1396 382 est
1426 321 1718 403 appendix
1744 322 1805 384 δι
1832 322 1992 405 quasi
2025 343 2160 406 pars
2194 325 2516 387 luxurians
2535 367 2565 394 ,

308 427 315 436 ’
356 445 435 488 ex
473 423 690 486 eodem
734 419 1118 504 receptaculo
1160 436 1354 481 enata.
1387 419 1538 482 Haec
1571 421 1713 484 ditm
1755 423 1892 505 ipsis
1928 443 2054 486 non
2087 424 2349 489 adhaeret
2378 470 2401 499 ,
2442 425 2569 486 mi·

353 527 525 589 noris
574 525 661 589 est
724 523 1064 596 momenti;
1115 521 1258 583 dum
1312 523 1527 585 contra
1575 543 1714 587 cum
1757 525 1963 589 iisdem
2015 525 2166 588 infra
2210 525 2505 589 coalescit
2537 571 2570 598 ,

350 644 498 689 tunc
537 625 699 708 quasi
742 620 1100 686 staminifera
1147 641 1219 683 ac
1274 622 1530 723 subinde
1580 625 1905 688 necessario
1951 627 2246 705 existenS‚
2287 626 2565 689 fulcrum
2625 700 2626 711 χ

352 725 535 790 refert
589 725 1006 787 intermedium
1062 721 1231 802 cujus
1266 723 1533 804 ¹proptia
1584 722 1833 786 insertio
1878 725 2174 789 stamineae
2232 724 2569 790 insertioni
2625 714 2626 725 ἵ

353 827 711 909 subrogata,
755 826 895 889 huic
934 826 1185 887 omnino
1224 824 1528 889 affimilata
1559 871 1582 898 ,
1619 828 1915 890 conversa
1946 829 2011 891 in
2048 816 2405 893 caracterem
2453 828 2572 893 es-
2625 836 2626 839 ’

353 927 661 992 sentialem
692 974 713 1003 ‚
748 946 886 990 cum
925 926 1117 988 ‘tribus
1172 926 1476 1010 praemissis
1512 926 1941 991 {asertionibus
1985 928 2255 992 seorsum
2310 949 2561 994 conve-

358 1030 466 1092 nit.
518 1027 662 1091 Inde
696 1030 931 1113 stamina
982 1027 1191 1088 corollae
1235 1035 1447 1092 adnexa
1499 1026 1754 1089 habentur
1792 1032 1946 1110 quasi
1987 1033 2181 1112 inserta
2222 1031 2370 1108 parti
2414 1050 2566 1093 tunc

361 1129 714 1215 corollifem3
754 1120 892 1192 ind'e
932 1130 1114 1191 etiam
1149 1128 1368 1209 triplex
1405 1127 1701 1209 ipsiusmet
1746 1130 1995 1192 corollae
2041 1129 2417 1194 staminiferae
2456 1134 2569 1196 di-

364 1206 683 1293 {relrfiffima
715 1245 877 1294 extat
901 1229 1183 1303 insertio,
1209 1226 1427 1309 nempe
1449 1228 1784 1311 hypogyna
1802 1276 1822 1306 ,
1843 1232 2106 1314 epigyna
2130 1235 2191 1294 &
2214 1234 2522 1314 perigyna
2543 1285 2569 1314 ‚

360 1331 425 1393 in
469 1332 681 1393 eodem
727 1330 938 1392 ordine
984 1328 1289 1411 nunquam
1329 1327 1703 1409 promiscua,
1744 1329 1805 1391 in
1847 1330 2123 1415 Labiatis¹
2157 1331 2388 1415 semper
2430 1335 2572 1415 hy-

359 1450 643 1514 pogyna,
686 1431 745 1493 in
785 1431 1156 1512 Compositis
1196 1431 1478 1513 epigyna.
1515 1440 1521 1453 ·

438 1534 680 1615 Duplex
726 1533 908 1616 igitur
945 1532 1196 1595 corollae
1235 1532 1532 1597 beneficio
1567 1535 1860 1615 generalis
1913 1537 2164 1600 habetur
2204 1537 2427 1600 modus
2456 1537 2572 1601 in-

360 1634 685 1698 sertionum
732 1636 1030 1699 notandus
1070 1634 1276 1697 sedulo
1306 1683 1330 1713 ‚
1377 1635 1525 1700 alter
1566 1637 1902 1700 immediatus
1941 1638 2086 1701 dum
2127 1639 2372 1701 stamina
2421 1660 2571 1704 me·

364 1740 605 1801 morato
643 1738 865 1820 triplici
900 1739 1125 1822 punSto
1165 1738 1509 1803 immediate
1536 1740 1898 1822 affiguntur,
1932 1743 2081 1804 alter
2113 1743 2376 1803 medianas
2402 1740 2574 1806 ditm

361 1838 557 1900 eidem
597 1838 901 1900 adhaerent
940 1840 1236 1902 mediante
1279 1840 1513 1919 corolla
1549 1862 1684 1924 quae
1722 1858 1864 1904 tunc
1898 1840 2024 1923 ipsa
2060 1842 2144 1905 est
2174 1841 2575 1929 staminisera.

362 1941 633 2022 Uterque
683 1940 898 2003 modus
938 1940 998 2001 in
1041 1941 1257 2004 eodem
1306 1959 1524 2022 genere
1566 1942 1633 2004 δι
1682 1943 1743 2004 in
1788 1943 2004 2007 eodem
2042 1943 2196 2006 flore
2244 1942 2570 2015 interdum

360 2042 762 2115 commixtus,
802 2041 995 2103 affinis
1025 2039 1273 2104 subinde
1302 2044 1471 2104 certo
1506 2039 1804 2125 judicatur
1825 2089 1848 2120 ,
1891 2044 2079 2106 modo
2116 2062 2313 2109 tamen
2337 2045 2569 2110 eadem

360 2142 434 2206 fit
473 2143 775 2226 utriusque
815 2144 993 2223 origo
1030 2143 1095 2206 &
1129 2142 1326 2224 fimile,
1358 2143 1703 2209 insertionis
1739 2145 2042 2229 punfiium.
2067 2146 2165 2210 Sic
2191 2149 2257 2222 in
2274 2146 2570 2213 Trifolio

361 2246 679 2329 perigynia
707 2244 1045 2316 immediata
1074 2246 1300 2327 signato
1321 2292 1342 2321 ,
1374 2246 1646 2328 quaedam
1681 2248 1904 2329 species
1936 2248 2200 2311 eamdem
2229 2247 2570 2314 mediatam

356 2347 646 2410 exhibent
670 2390 692 2417 ,
734 2346 949 2430 nempe
992 2347 1285 2409 corollam
1326 2347 1745 2412 staminiferam
1780 2349 2095 2432 ipsammet
2140 2350 2513 2433 perigynam
2540 2375 2569 2428 ,-

354 2447 420 2508 in
457 2446 703 2510 Dianthi
739 2449 890 2510 flore
939 2449 1151 2511 dantur
1191 2448 1434 2512 stamina
1479 2451 1744 2534 quinque
1784 2451 2128 2514 immediate
2166 2447 2516 2534 h'ypogyna
2542 2502 2568 2532 ,
2625 2449 2626 2456 '

354 2548 421 2609 &
457 2549 651 2634 petala
682 2549 944 2632 quinque
964 2549 1060 2610 his
1080 2548 1461 2627 alternantia,
1493 2549 1853 2615 staminifeta
1882 2551 2054 2614 fimul
2087 2550 2152 2613 δι
2188 2541 2567 2634 hypogyna.
2625 2559 2626 2572 ¹

353 2648 512 2714 Tres
548 2650 684 2714 ideo
722 2652 1039 2734 praecipuae
1080 2650 1213 2712 sunt
1254 2651 1606 2715 insertiones
1641 2652 1716 2714 ab
1746 2652 2012 2715 invicem
2036 2652 2284 2723 ,omnino
2321 2651 2565 2717 discre-

344 2768 559 2829 pantes
605 2752 669 2814 &
698 2753 760 2813 in
802 2752 1115 2814 ordinibus
1147 2753 1450 2834 nunquam
1493 2752 1862 2834 conjun&ae‚
1890 2774 2026 2837 quae
2054 2753 2294 2834 fingulae
2332 2754 2396 2814 in
2433 2755 2567 2819 du-

348 2851 567 2931 plicem
607 2856 745 2915 rarb
784 2852 1217 2933 miscellaneam
1241 2899 1261 2929 ,
1288 2858 1500 2918 mutuo
1541 2873 1739 2919 tamen
1775 2855 2012 2919 affinem
2055 2855 2431 2918 dividuntur.

432 2953 742 3035 Perspeffl
777 2954 1089 3017 staminum
1126 2955 1448 3019 insertione
1488 2957 1553 3019 δι
1592 2957 1821 3019 statutis
1860 2955 2123 3037 ejusdem
2160 2956 2421 3037 legibus,
2469 2957 2568 3024 fa-

19 3053 487 3126 primadistxi-s‘cilis
537 3056 766 3118 eruitur
813 3056 1007 3136 prima
1049 3055 1305 3118 claffium
1351 3057 1778 3141 praemissarum
1831 3056 2190 3120 distributim
2240 3059 2568 3141 Acotyle·

19 3127 157 3177 butio*
173 3144 202 3176 a
217 3143 331 3176 cor-

19 3195 105 3244 :uli
129 3197 265 3244 lobis.

280 3199 329 3244 α
359 3159 548 3219 dones
582 3156 839 3232 sexubus
873 3158 981 3216 vix
1018 3157 1363 3238 conspicuis
1398 3156 1462 3217 δι
1498 3157 1822 3219 obscurato
1859 3157 2174 3220 staminum
2214 3155 2325 3220 situ
2349 3206 2368 3234 ,
2401 3160 2571 3222 clas·

19 3262 261 3343 staminum
357 3257 531 3321 fream
550 3257 781 3319 idcircb
805 3251 1107 3339 nequeunt
1132 3255 1398 3320 sufficere
1414 3275 1616 3320 notam
1644 3258 1708 3320 δι
1726 3257 1963 3320 interim
1982 3256 2255 3320 indivisae
2271 3258 2570 3341 perstant.

20 3333 276 3383 nseruone.
355 3358 690 3443 Tripartitb
733 3358 1082 3422 scinduntur
1118 3360 1721 3443 Monocotyledones
1756 3362 1993 3424 ratione
2035 3360 2376 3423 insertionis
2418 3364 2567 3443 epi-

352 3480 579 3543 gynae‚
633 3461 981 3540 hypogynae
1047 3462 1110 3522 &
1167 3464 1520 3543 perigynae‚
1576 3482 1698 3524 non
1760 3462 2028 3525 obstante
2077 3462 2316 3525 corolla
2358 3461 2564 3526 iniis
2625 3525 2626 3542 1

350 3549 585 3644 semper
620 3561 950 3625 deficiente.
994 3562 1216 3623 Similis
1255 3584 1332 3626 ex
1365 3565 1589 3645 triplici
1621 3563 1948 3627 insertione
1972 3547 2290 3626 deducitur
2314 3562 2567 3628 trifaria
2625 3617 2626 3646 ἶ

354 3663 873 3744 Dicotyledonum
915 3663 1206 3744 partitio,
1255 3684 1632 3747 unaquaeque
1674 3663 2076 3746 compleciens
2121 3682 2247 3728 tum
2298 3660 2568 3729 stamina
2625 3721 2626 3756 3

353 3767 460 3830 uni
496 3765 660 3830 floris
679 3764 898 3848 punao
932 3762 1150 3829 inserta
1170 3811 1189 3844 ‚
1223 3781 1356 3832 tum
1383 3757 1649 3833 corollas
1680 3764 2072 3832 staminiferas
2102 3765 2295 3831 eidem
2321 3768 2563 3846 puncto
2625 3823 2626 3830 ,

1168 3860 1175 3867 ’
1745 3873 1752 3888 ’
2223 3875 2232 3884 ·
2308 3865 2563 3934 infixas.
