2646 4292
1017 137 1106 214 M
1157 159 1208 216 u
1262 160 1298 216 s
1346 143 1398 215 c
1449 162 1504 215 1.
1894 167 1899 176 ’
2310 153 2403 241 13

227 277 427 348 michi
461 279 645 353 pyxide
679 276 802 352 'post
838 275 1075 338 avulsam
1115 281 1412 354 calyptram
1452 278 1728 339 emarcida
1750 324 1766 349 ‚
1800 279 2097 342 ¹masculam
2133 280 2257 341 inde
2290 284 2410 344 vim

241 357 515 425 calyptra:
536 357 782 427 pyxidem
813 348 1129 412 foemineam
1168 354 1457 412 ambientis
1486 353 1761 413 concludit
1780 356 2068 428 ‚immerito
2084 379 2103 427 3
2130 353 2413 415 mar'cescit

245 431 413 486 enim
519 432 615 487 titis
651 429 836 500 pyxis,
870 428 997 498 quia
1031 424 1349 496 praemature
1386 427 1693 485 denudatur
1718 474 1736 499 ,
1782 428 2024 500 calyptra
2061 438 2113 488 δε
2152 433 2409 500 operculo

247 518 394 559 tunc
466 504 572 560 mul
606 498 849 559 deciduis
876 521 892 555 ι
934 497 1177 578 quaedam
1211 496 1427 572 insuper
1460 498 1773 559 Muscotum
1845 519 2006 559 encra
2027 500 2275 561 dicuntur
2294 524 2408 564 non

245 575 574 644 calyptrata.
616 574 911 633 Recentior
940 572 1268 648 Hedwigius
1292 620 1310 645 ,
1347 574 1598 632 accurata
1626 582 1680 633 8(
1710 579 1801 632 mu'
1827 575 1993 646 tiplici
2035 572 2200 634 fretus
2228 576 2411 636 obser·

241 649 482 706 vatione
504 694 521 717 ,
561 644 762 706 Muscis
804 645 1058 704 omnibus
1093 644 1326 707 stellulas
1368 646 1703 722 gemmasve·
1729 646 1970 707 tribuens
1997 694 2012 716 ‚
2055 645 2244 707 harum
2281 671 2411 708 cor-

235 715 487 792 pustula
528 719 804 780 cilindrica
843 718 973 776 dicit
1013 713 1277 788 mascula,
1313 717 1454 780 foeta
1472 721 1674 791 polline
1709 739 1805 791 per
1845 722 2124 800 terminale
2159 719 2410 783 foramen

241 791 597 868 prosiliente,
637 791 745 851 filis
774 792 1067 850 articulatis
1100 789 1328 852 succofis
1357 791 1816 852 foecundationem
1850 794 2298 864 promoventibus
2329 799 2412 855 in-

231 867 523 926 termixtis
574 865 823 925 distincta
848 911 865 936 ‚
912 865 1050 923 intra
1095 862 1343 939 squamas
1394 867 1608 925 florales
1660 865 2009 937 imbricatas,
2067 886 2310 938 patentes
2347 869 2410 929 in

241 938 484 998 stellulis
524 936 930 1006 terminalibus,
970 941 1316 998 conniventes
1353 941 1409 997 in
1451 941 1683 1013 gemmis
1723 939 2046 1011 axillaribus.
2081 941 2226 1000 Alibi
2268 942 2412 1002 intr'a

227 1013 775 1146 ῗὲᾉῗιὲγέἒῗέἰέἰὲ
785 1007 1080 1156 ’ἷῖξῖἱῖἓφ
1105 1012 1256 1156 ἆξῗῖξ
1275 1011 2412 1159 {2333agggffleffimmffiiffiffiffr.

1049 1127 1067 1152 2
1972 1133 1988 1154 ,
2386 1121 2414 1142 ο

237 1153 2010 1305 emittent&ultimate&fixinis&
2035 1162 2443 1309 sawt}

243 1304 285 1364 'a
320 1303 654 1364 Schmidelio
689 1304 851 1363 semel
877 1302 1190 1364 observatis.
1219 1305 1516 1379 Hedwigio
1544 1305 1673 1364 teste
1696 1349 1717 1384 2
1748 1304 1976 1364 distensa
2005 1306 2083 1364 ob
2112 1305 2297 1392 stipitis
2320 1309 2412 1368 in-

239 1381 472 1437 terioris
487 1379 910 1451 *productionem
935 1377 1312 1436 membranula
1340 1375 1642 1437 foecundati
1661 1382 1920 1453 germinis
1942 1388 1994 1439 δι
2016 1378 2144 1438 dein
2172 1379 2413 1441 scitiione

244 1453 500 1511 circulari
529 1450 672 1510 infra
706 1450 915 1520 soluta,
948 1471 1071 1509 cum
1106 1448 1225 1521 ipso
1259 1449 1457 1509 sensim
1495 1454 1720 1527 erigitur
1748 1470 1950 1510 mutata
1989 1454 2043 1510 in
2073 1454 2366 1526 calyptram
2389 1476 2405 1490 ·

145 1559 148 1568 ·
245 1522 476 1598 capsula
513 1524 609 1584 seu
638 1528 790 1598 pyxis
825 1524 894 1583 fic
934 1523 1206 1596 stipium,
1241 1522 1366 1595 post
1393 1525 1661 1597 calyptrae
1689 1522 1868 1584 casum
1906 1543 2152 1597 matuta,
2188 1530 2346 1599 copio
2374 1549 2413 1585 o

244 1617 440 1673 turget
486 1599 702 1670 pulvere
756 1595 905 1660 humi
946 1595 1180 1668 ‘posthac
1224 1598 1562 1671 germinante
1614 1607 1666 1657 ε(
1713 1596 1841 1655 idco
1888 1595 2167 1657 foemineo.
2213 1603 2297 1658 Sic
2346 1619 2414 1660 ex

243 1672 554 1745 Hedvigio
584 1672 824 1743 calyptra
845 1671 1060 1730 corollae
1087 1672 1263 1732 vicem
1297 1689 1493 1746 gerens
1522 1674 1551 1729 a
1579 1670 1886 1741 p'cricbaetio
1910 1672 2032 1732 vere
2057 1674 2284 1732 calicino
2308 1669 2420 1732 dis·

247 1744 605 1819 tinguenda3
660 1744 727 1802 {sc
764 1746 929 1802 etiam
966 1742 1305 1803 Musci'raro
1344 1742 1773 1817 hcrmaphroditi
1846 1746 2047 1804 ermine
2081 1755 2150 1805 8(-
2174 1744 2416 1806 anthetis

248 1821 539 1878 communi
582 1817 869 1876 involucro
904 1817 1090 1876 cimffis
1114 1861 1131 1887 ,
1165 1819 1479 1894 plerumque
1523 1818 1748 1876 diclines
1800 1765 2017 1878 ffellulis
2052 1837 2146 1877 aut
2181 1823 2417 1900 gemmis

243 1891 604 1965 polyandris,
656 1898 711 1950 δι
742 1888 1066 1962 perichaetiis
1127 1893 1460 1965 monogynis
1504 1887 1698 1949 effoeto
1746 1890 2104 1950 addustorum
2158 1913 2187 1951 a
2232 1894 2414 1965 mine,

247 1984 347 2023 aut
362 1966 532 2024 ratius
552 1963 683 2037 poly
767 1965 846 2022 nis
866 1961 997 2021 dum
1018 1961 1337 2022 addutstores
1351 1963 1569 2036 quidam
1583 1964 1803 2035 stipitati
1819 1965 2183 2039 gravidantur.
2282 1968 2420 2031 xidis

249 2040 544 2097 urceolatae
574 2043 655 2095 oti
701 2041 845 2095 cium
882 2036 1019 2095 ciliis
1045 2034 1179 2107 saepe
1214 2035 1455 2096 clausum
1488 2037 1874 2114 marginalibus
1904 2040 2287 2111 irritabilibu5‚
2322 2041 2419 2103 du-

247 2113 385 2185 plici
409 2131 513 2171 ,aut
549 2109 778 2183 fimplici
803 2107 935 2170 serie
971 2108 1268 2182 dispofitis,
1300 2112 1569 2183 praetcrea·
1593 2113 1850 2186 operculo
1881 2114 2084 2188 tegitur
2107 2116 2419 2176 acuminato

250 2185 492 2245 deciduo
528 2229 549 2255 ‚
595 2187 683 2242 cui
726 2182 913 2243 medio
954 2182 1137 2243 subtus
1178 2188 1437 2243 continua
1483 2184 1562 2249 est
1606 2187 1856 2245 centralis
1893 2187 2177 2246 columella
2204 2231 2223 2257 ‚
2268 2188 2340 2248 fic
2381 2189 2419 2249 a

246 2256 592 2321 Schmidelio
622 2265 679 2317 δε
713 2258 783 2316 ab
803 2255 1102 2332 Hcdwigio
1134 2257 1307 2325 dieta,
1333 2279 1400 2318 cx
1431 2259 1540 2317 ima
1562 2258 1756 2332 pyxide
1779 2279 1972 2329 enata,
2002 2281 2143 2320 nunc
2167 2263 2418 2337 gracilis,

247 2354 397 2392 nnnc
429 2331 659 2392 dilatata
688 2338 744 2389 δε
784 2331 974 2403 pyxidi
1005 2328 1308 2391 conformis
1339 2330 1504 2390 instar
1577 2332 1808 2403 yxidula:
1841 2336 2095 2403 internae,
2118 2336 2261 2393 inttis
2286 2357 2421 2396 cava

249 2413 314 2465 δι
347 2403 655 2477 pulvisculo
690 2404 834 2476 quasl
872 2401 1005 2463 foeta
1028 2449 1047 2474 ‚
1088 2402 1288 2462 sensim
1333 2425 1510 2464 marce
1539 2427 1662 2464 cens
1687 2415 1738 2467 δι
1762 2406 2028 2466 interdum
2065 2409 2296 2467 evanida
2328 2429 2423 2468 aut

251 2478 692 2553 eum-operculo
721 2476 966 2536 decidua.
988 2481 1118 2535 Haec
1144 2474 1221 2534 est
1250 2474 1409 2535 theca
1438 2480 1660 2538 interior
1677 2479 1999 2565 jamdudum
2033 2479 2064 2539 ‘a
2089 2481 2424 2541 Dubamelio

249 2549 458 2630 (phys
491 2550 607 2610 arb.
637 2571 679 2609 1.
697 2572 756 2624 p.
775 2570 896 2620 291.
920 2555 944 2621 )
968 2548 1253 2609 observata
1280 2552 1337 2608 in
1364 2550 1532 2609 Mnio
1569 2553 1824 2625 capzllari
1844 2552 1909 2611 L.
1931 2574 1951 2622 3
1973 2552 2059 2613 hic
2082 2554 2426 2615 Buxbaumiae

249 2625 505 2688 sacculus
539 2621 814 2698 pollinifer
850 2625 878 2682 a
912 2626 1133 2683 Linnaeo
1175 2643 1548 2694 memoratus;
1575 2623 1687 2703 baec
1719 2625 1942 2684 anthera
1978 2625 2354 2701 lageniformis
2390 2629 2429 2687 a

248 2701 486 2759 Millero
502 2696 808 2784 generatim
827 2693 1049 2759 admissa
1070 2696 1208 2756 intra
1231 2693 1553 2757 foemineum
1569 2700 1775 2772 pyxidis
1793 2699 2086 2771 pulverem.
2109 2705 2238 2760 Haec
2257 2722 2429 2775 nuper

253 2793 328 2830 ex
368 2771 599 2830 Belvifio
634 2774 759 2841 (D.
788 2767 990 2829 Palisot
1014 2768 1083 2827 de
1112 2773 1377 2829 Beauvois
1415 2771 1475 2828 in
1508 2769 1734 2846 Dtffirt.
1772 2771 1882 2844 mffl
1900 2777 1925 2843 )
1962 2773 2173 2845 pyxidis
2213 2772 2435 2834 herma-

249 2843 531 2918 phroditae
553 2843 768 2915 capsula
789 2844 1012 2902 interior
1036 2840 1236 2902 Muscis
1258 2843 1516 2903 omnibus
1540 2849 1845 2904 communis
1868 2891 1886 2916 ‚
1921 2850 2135 2917 pulvere
2163 2845 2431 2908 foemineo

253 2917 404 2978 foeta
427 2966 446 2991 ,
483 2917 724 2976 masculo
756 2914 1090 2991 circumdata
1117 2917 1317 2986 polline
1339 2964 1357 2990 ‚
1391 2919 1544 2989 apice
1572 2921 1630 2976 in
1662 2940 1697 2976 o
1736 2920 1972 2978 etculum
2006 2919 2247 2980 desinens
2268 2970 2285 2996 ,
2315 2922 2431 2981 basi

256 2990 413 3051 forte*
455 2993 715 3051 continua
755 2989 1037 3048 filamento
1076 2987 1169 3049 seu
1197 2988 1468 3062 pedicello
1509 2992 1645 3050 intra
1729 2992 1916 3064 ipitem
1959 2990 2260 3054 fistulosum
2291 3016 2434 3054 con-

258 3085 464 3138 tento,
512 3068 661 3138 cujus
713 3060 1182 3122 soecundationem
1234 3065 1514 3122 concitant
1562 3065 1684 3123 cilia
1733 3066 2032 3124 irritatione
2081 3071 2431 3127 conniventia

255 3140 455 3212 pollen
482 3139 635 3195 extra
670 3134 948 3208 prosiliens
985 3138 1043 3195 in
1082 3133 1255 3207 ipsam
1277 3139 1654 3208 reprimentia.
1694 3140 1777 3197 Sic
1814 3136 2056 3199 fistuloso
2093 3139 2257 3213 stipiti
2295 3162 2434 3199 con-

258 3215 422 3272 tinua
458 3212 633 3283 pyxis
662 3211 924 3269 corollam
957 3213 1215 3268 mentitur
1257 3207 1564 3269 tubulosam
1610 3213 1761 3284 apice
1802 3212 2123 3283 dilatatams.
2161 3222 2214 3273 &
2251 3211 2435 3273 Musei

258 3305 461 3346 omncs
488 3287 542 3342 in
568 3283 766 3342 eodem
789 3303 997 3358 organo
1027 3278 1374 3353 biffexuales,
1405 3283 1630 3343 Belvifio
1652 3286 1866 3359 judice,
1884 3285 2144 3356 pistillum
2171 3284 2433 3347 exhibent

259 3357 504 3417 centrale
536 3363 592 3414 δε
627 3354 859 3413 stamina
901 3356 1236 3425 ambientia3
1288 3364 1342 3414 8(
1387 3359 1653 3426 praeterea.
1685 3357 2083 3417 foecundationi
2130 3360 2434 3420 nullatenus

256 3431 593 3492 incumbunt
631 3427 964 3489 stellularum
1003 3426 1313 3502 corpuscula
1345 3430 1533 3488 alienis
1569 3438 1623 3490 &
1666 3430 1970 3490 adhucdum
2013 3434 2218 3505 ignotis
2254 3435 2443 3495 ufibus.

259 3525 419 3564 nata.
451 3507 538 3563 Sic
566 3503 732 3560 etiam
767 3501 1100 3560 adversantia
1135 3505 1276 3561 circ‘a
1312 3505 1769 3577 germinationem
1796 3508 2211 3576 explanarentur
2234 3530 2434 3583 experi-

247 3575 733 3650 mcnra„DilJ,e‚nii
773 3585 827 3637 δι
867 3574 1148 3656 Hedvrigii
1194 3577 1611 3647 quorum,alter
1655 3579 1864 3651 pyxidis
1910 3580 2097 3651 pollen
2142 3581 2386 3650 ambiens
2411 3630 2435 3655 ‚

257 3654 407 3713 alter
440 3653 741 3709 centralem
773 3648 1049 3719 pulverem
1082 3647 1223 3710 forte·
1261 3648 1487 3709 severat.
1520 3654 1663 3728 Quae
1692 3670 1875 3709 tamen
1902 3670 1960 3710 ut
1991 3655 2282 3725 praeyaleat
2315 3658 2436 3715 Bel-

239 3722 386 3786 ''vifii
413 3726 604 3799 opinio
628 3722 694 3780 de
733 3720 1046 3781 Muscorum
1084 3719 1210 3782 sexu
1251 3726 1444 3781 contra
1479 3722 1906 3798 Hedwigianum
1940 3716 2169 3796 systema
2192 3726 2436 3799 plurimis

257 3802 511 3928 §ungine
567 3794 1025 3928 <gtyptogamistis
1078 3814 1363 3868 acceptum
1400 3843 1422 3870 ,
1488 3796 1784 3861 numerosis
1834 3795 1911 3857 est
1964 3798 2439 3875 observationibus

249 3892 376 3937 con
422 3890 576 3928 rman
619 3889 667 3928 a.

330 3940 664 4037 Muscorum
704 3939 898 4007 semen
928 3943 1107 4013 telluri
1146 3939 1490 4009 commiss'um
1510 3989 1533 4021 ‚
1570 3941 1870 4021 Hedwigio
1898 3944 2226 4019 observante
2245 3997 2268 4025 ,
2296 3948 2438 4010 infra
