2646 4292
2067 98 2266 205 xlvij

24 224 151 302 nir.
188 230 539 319 comunffis
558 232 802 309 viribus
824 230 1217 322 praeludunt
1202 256 1264 301 m
1300 236 1523 303 futurae
1555 238 1749 322 prolis
1767 204 2255 327 generationem,

24 318 127 403 fic
169 340 420 422 pariter
466 339 665 411 nullos
711 339 1028 423 separatim
1083 342 1348 424 produnt
1400 340 1628 405 solidos
1667 345 1997 409 caraeteres
2032 392 2052 423 ,
2102 366 2260 430 quos

26 442 256 521 innan
301 443 585 523 protinus
628 442 936 506 exhibent.
979 443 1070 506 Ex
1110 443 1407 525 praediffls
1444 444 1603 505 enim
1638 463 1698 521 p.
1733 446 1921 527 xxxiij
1964 447 2260 513 instabiles
2313 472 2318 481 ·

33 544 364 607 habentur
407 543 473 605 in
513 543 728 607 eodem
777 545 989 606 ordine
1038 544 1350 629 staminum
1394 560 1683 606 numerus
1722 544 1787 606 δι
1829 550 2153 629 proportio
2193 550 2264 613 &

34 648 415 723 connexi03
448 666 559 709 nec
585 647 1058 709 constantiflimae
1077 669 1133 726 p.
1166 648 1248 707 xl.
1277 645 1363 727 ij
1387 665 1461 706 ex
1497 645 1761 727 germine
1784 647 2002 730 supero
2040 667 2143 713 aut
2167 644 2278 739 3¹¹?

41 746 178 812 fero
203 747 537 831 ,‘fimplici
576 764 679 812 aut
716 746 1070 831 multiplici,
1105 750 1209 810 uni
1248 760 1350 810 aut
1381 736 1808 811 multiloculari
1838 750 1954 815 διε.
1976 769 2267 816 eruuntur

45 870 242 914 notae.
295 851 423 912 His
482 851 684 934 itaque
731 850 1011 932 negleciis
1039 895 1060 924 ‚
1106 865 1304 913 manet
1357 847 1744 931 inquirendus
1801 850 2114 915 essentialis
2166 873 2271 916 ca·-

52 952 283 1027 rafiier,
316 953 567 1033 utrique
604 969 842 1033 organo
873 951 1250 1022 communis,
1271 950 1375 1032 qui
1408 939 1648 1032 quidem
1683 952 1894 1016 unicus
1927 970 2091 1016 extat
2118 955 2269 1018 vere

57 1052 398 1133 primarius
442 1071 514 1114 ac
554 1053 615 1114 in
655 1052 929 1133 probatis
953 1051 1271 1113 ordinibus
1297 1052 1471 1112 certo
1502 1051 1857 1127 uniformis,
1887 1069 2129 1117 mutuus
2155 1055 2271 1117 sci·

54 1154 195 1218 licet
234 1154 568 1216 staminum
592 1154 654 1215 δι
681 1155 880 1237 pistilli
918 1154 1061 1217 situs
1084 1200 1105 1232 ,
1145 1153 1244 1216 seu
1284 1152 1538 1215 insertio
1579 1154 1894 1216 staminum
1938 1156 2272 1239 respefflve

60 1257 141 1318 ad
163 1256 458 1337 pistillum
482 1301 501 1331 ‚
520 1257 552 1316 a
575 1257 863 1338 plerisque
892 1255 1238 1319 Autoribus
1260 1251 1670 1335 praetermiffa.
1692 1254 1969 1319 Linnaeus
1991 1257 2051 1317 in
2075 1256 2277 1320 levio-

62 1358 236 1420 ribus
257 1360 503 1423 haerens
527 1358 842 1420 staminum
884 1356 1113 1431 modis,
1137 1354 1543 1418 valentiorem
1565 1355 1760 1418 minus
1782 1358 2076 1437 perspexit
2098 1380 2276 1439 quem
2299 1410 2302 1413 .

68 1463 209 1520 raro
254 1459 498 1542 ipsimet
533 1461 831 1541 genericae
872 1458 1092 1537 adjecit
1127 1455 1467 1521 definitioni
1485 1476 1510 1533 3
1546 1457 1706 1519 hunc
1743 1459 1804 1519 in
1824 1457 2089 1522 familiis
2115 1460 2282 1524 cons·

72 1575 267 1621 tamer
318 1559 690 1622 memoravit
734 1557 1125 1621 AdansoniuS.

148 1661 422 1745 Triplex
478 1662 563 1724 est
610 1678 854 1726 mutuus
903 1659 1168 1723 staminis
1211 1656 1277 1722 δι
1322 1657 1521 1741 pistilli
1578 1657 1770 1735 fitus3
1819 1660 2069 1724 alterum
2121 1662 2283 1727 enim
2318 1699 2629 1753 Diversaesta.

77 1764 250 1828 alteri
284 1764 563 1842 subjacet
602 1780 707 1828 aut
750 1764 857 1847 ipfi
893 1762 1364 1846 juxtaponitur:
1406 1762 1540 1823 inde
1576 1762 1795 1843 triplex
1834 1767 2130 1847 praecipua
2171 1768 2283 1830 sta·
2318 1762 2503 1819 minian
2557 1774 2629 1822 m

79 1866 314 1928 minum
362 1864 654 1942 insertio,
695 1866 935 1946 epigyna
977 1862 1154 1945 supra
1193 1861 1508 1946 pistillum,
1546 1863 1841 1945 hypogyna
1883 1860 1993 1927 sub
2028 1865 2242 1929 eodem
2262 1838 2562 1941 ,s‘¹‘¹⁰⁸“⁸

71 1969 361 2051 perigyna
388 1966 543 2050 parti
580 1962 864 2048 pistillum
908 1963 1194 2025 ambienti
1234 1962 1342 2025 seu
1365 1962 1599 2024 ca11c1⁴.
1637 1962 1870 2025 Harum
1911 1985 2286 2050 unaquaeque

81 2068 170 2129 ab
213 2066 356 2127 aliis
382 2065 796 2128 distinffiffima
822 2064 1127 2146 nunquam
1165 2063 1241 2126 iis
1275 2062 1659 2145 permiscetur
1694 2064 1757 2126 in
1795 2065 2006 2129 eodem
2041 2069 2282 2133 ordine:

82 2166 517 2233 Umbelliseras
572 2167 905 2231 constanter
955 2164 1164 2228 definit
1219 2164 1530 2232 staminum
1579 2160 1927 2247 epigynia,'
1946 2169 2287 2235 Cruciferas

89 2273 155 2335 δι
195 2270 561 2356 (immineas
594 2269 955 2351 hypogynia
980 2315 1000 2343 ‚
1047 2265 1473 2347 Leguminosas
1512 2266 1574 2326 &
1616 2266 1905 2331 Liliaceas
1951 2273 2285 2354 perigynia.

172 2375 346 2436 Aliis
381 2372 612 2436 subdita
652 2371 879 2453 legibus
916 2384 1129 2451 quarta
1171 2367 1370 2448 prodit
1411 2365 1658 2429 insertio
1686 2414 1706 2443 ‚
1761 2371 1977 2451 nempe
2022 2376 2288 2454 epipetala

91 2476 198 2539 seu
240 2473 421 2557 supra
473 2472 837 2549 corollam‚'
869 2493 1003 2555 quae
1044 2488 1217 2548 nunc,
1258 2469 1497 2530 ordines
1538 2469 1805 2550 integros
1840 2472 2048 2534 definit
2086 2492 2151 2536 ut
2180 2475 2288 2537 La·

94 2577 297 2638 biatas
333 2577 397 2639 ἃ
435 2574 852 2657 compostus,
905 2593 1064 2636 nunc
1102 2570 1402 2633 interdum
1445 2571 1639 2632 tribus
1682 2572 1977 2653 praediffis
2015 2575 2296 2639 insertioe

96 2680 283 2743 nibus
320 2680 643 2762 praecipuis
671 2677 942 2741 seorsum
970 2675 1356 2738 consociatur
1384 2673 1449 2734 in
1476 2673 1688 2735 eodem
1713 2675 1959 2746 ordine,
1989 2677 2050 2737 in
2079 2679 2296 2741 eodem

98 2800 330 2864 genere
373 2781 438 2842 ἃ
484 2781 662 2843 etiam
700 2781 761 2841 in
807 2780 1024 2842 eodem
1064 2776 1233 2840 flore.
1270 2775 1369 2839 Sic
1398 2777 1642 2864 stamina
1674 2778 1736 2837 in
1766 2777 2168 2858 Leguminofis
2191 2800 2300 2862 pe·

99 2886 326 2967 rigyna
357 2928 379 2960 ‚
418 2884 480 2944 in
534 2881 799 2945 Mimosa
853 2885 916 2944 δι
954 2878 1223 2943 Trifolio
1263 2881 1581 2962 generibus
1617 2879 1983 2941 coordinatis
2035 2880 2167 2943 sunt
2207 2884 2304 2944 in·-

101 2987 351 3049 terditm
400 2985 738 3067 epiperala;
790 2986 870 3047 fic
933 2984 992 3046 in
1054 2982 1206 3045 flore
1254 2981 1507 3044 Dianthi
1568 2982 1633 3041 δι
1686 2980 2010 3042 confinium
2060 2981 2307 3046 stamina

105 3087 341 3152 dantur
367 3089 635 3170 quinque
667 3087 962 3170 epipetala
986 3089 1050 3149 &
1070 3085 1336 3166 quinque
1357 3085 1707 3165 hypogyna.
1736 3081 1933 3162 Hujus
1958 3080 2307 3146 discriminis

186 3394 218 3423 ⁸
243 3380 525 3456 Ambigua
554 3375 711 3437 datt‘ir
743 3375 967 3435 insertio
986 3420 1006 3447 ,
1040 3372 1169 3434 dtim
1202 3371 1434 3431 stamina
1458 3367 1720 3429 inhaerent
1737 3370 1788 3426 ei
1813 3367 2148 3440 puncto-quo
2172 3367 2309 3428 calix

122 3475 343 3551 superus
378 3478 410 3535 a
441 3469 912 3552 germine'infero
941 3518 959 3543 ,
1002 3489 1095 3529 aut
1131 3469 1392 3544 germinis
1427 3465 1602 3538 superi
1641 3465 2035 3535 receptaculum
2068 3463 2102 3520 it
2141 3464 2312 3523 calice

124 3573 309 3637 infero
334 3572 562 3632 discedit
584 3610 602 3640 ,
640 3567 764 3628 inde
802 3565 1113 3626 dubitanter
1148 3584 1289 3624 nunc
1328 3563 1563 3637 epigyna
1594 3577 1686 3618 aut
1716 3561 2016 3631 perigyna,
2057 3580 2199 3620 nunc
2222 3581 2314 3633 pes

128 3674 327 3747 rigyna
374 3653 469 3729 aut*
519 3667 842 3742 hypogyna.
889 3669 1138 3737 Compar
1186 3679 1331 3721 extat
1377 3659 1510 3718 dtim
1548 3658 1778 3717 stamina
1824 3653 2112 3730 affiguntur
2158 3656 2312 3730 supr'a

36 3813 39 3840 ,
130 3768 338 3828 distum
378 3790 443 3828 ex
480 3765 686 3827 eodem
718 3763 921 3834 punQo
948 3759 1319 3833 promia-ulum
1351 3756 1442 3830 qui
1466 3801 1485 3828 ,
1511 3754 1651 3813 inter
1683 3752 1794 3810 duo
1827 3772 2034 3827 organa
2066 3753 2274 3814 medius
2283 3797 2312 3825 ,

132 3864 273 3941 qnasi
317 3868 499 3924 mixtae
540 3860 621 3920 est
661 3859 905 3935 originis.
953 3856 1057 3914 Sed
1100 3857 1156 3912 in
1208 3871 1436 3926 utroque
1488 3845 1614 3909 ca'su
1653 3867 1838 3906 veram
1881 3848 2085 3907 indicat
2134 3845 2309 3910 inser-

38 4021 43 4026 Υ
134 3965 339 4024 tionem
376 3960 604 4023 collatio
635 3974 901 4032 generum
938 3952 1240 4018 confinium
1279 3952 1338 4009 in
1375 3947 1570 4024 quibus
1608 3967 1676 4007 ea
1712 3942 1908 4007 cerritis
1939 3943 2207 4007 definitur.

39 4135 118 4227 τ’
