<?xml version="1.0" encoding="UTF-8"?>
<!DOCTYPE html PUBLIC "-//W3C//DTD XHTML 1.0 Transitional//EN"
    "http://www.w3.org/TR/xhtml1/DTD/xhtml1-transitional.dtd">
<html xmlns="http://www.w3.org/1999/xhtml" xml:lang="en" lang="en">
 <head>
  <title>
</title>
<meta http-equiv="Content-Type" content="text/html;charset=utf-8" />
  <meta name='ocr-system' content='tesseract 3.04.00' />
  <meta name='ocr-capabilities' content='ocr_page ocr_carea ocr_par ocr_line ocrx_word'/>
</head>
<body>
  <div class='ocr_page' id='page_1' title='image "./antoniilaurenti00jussgoog_0079.png"; bbox 0 0 2646 4292; ppageno 0'>
   <div class='ocr_carea' id='block_1_1' title="bbox 55 164 2305 2410">
    <p class='ocr_par' dir='ltr' id='par_1_1' title="bbox 55 164 2302 1477">
     <span class='ocr_line' id='line_1_1' title="bbox 2193 164 2292 259; baseline -0.02 -20"><span class='ocrx_word' id='word_1_1' title='bbox 2193 164 2292 259; x_wconf 79' lang='lat' dir='ltr'><strong>ij</strong></span> 
     </span>
     <span class='ocr_line' id='line_1_2' title="bbox 164 294 2293 381; baseline 0.002 -18"><span class='ocrx_word' id='word_1_2' title='bbox 164 296 171 305; x_wconf 83' lang='lat'><em>&#39;</em></span> <span class='ocrx_word' id='word_1_3' title='bbox 197 315 286 381; x_wconf 59' lang='lat'>3⁸0</span> <span class='ocrx_word' id='word_1_4' title='bbox 319 295 448 362; x_wconf 82' lang='lat' dir='ltr'>Alii</span> <span class='ocrx_word' id='word_1_5' title='bbox 476 294 727 364; x_wconf 73' lang='lat' dir='ltr'>tertiarii</span> <span class='ocrx_word' id='word_1_6' title='bbox 757 294 1483 371; x_wconf 78' lang='lat' dir='ltr'>semiuniformes,modo</span> <span class='ocrx_word' id='word_1_7' title='bbox 1507 294 1569 364; x_wconf 83' lang='lat' dir='ltr'>in</span> <span class='ocrx_word' id='word_1_8' title='bbox 1597 302 1906 366; x_wconf 77' lang='lat' dir='ltr'>ordinibus</span> <span class='ocrx_word' id='word_1_9' title='bbox 1926 300 2293 381; x_wconf 80' lang='lat' dir='ltr'>constantes,</span> 
     </span>
     <span class='ocr_line' id='line_1_3' title="bbox 121 400 2293 482; baseline 0.003 -19"><span class='ocrx_word' id='word_1_10' title='bbox 121 400 311 463; x_wconf 67' lang='lat' dir='ltr'>nodo</span> <span class='ocrx_word' id='word_1_11' title='bbox 354 402 557 477; x_wconf 82' lang='lat' dir='ltr'>varii,</span> <span class='ocrx_word' id='word_1_12' title='bbox 606 420 737 465; x_wconf 89' lang='lat' dir='ltr'>tum</span> <span class='ocrx_word' id='word_1_13' title='bbox 781 422 858 465; x_wconf 85' lang='lat' dir='ltr'>ex</span> <span class='ocrx_word' id='word_1_14' title='bbox 913 402 1158 482; x_wconf 85' lang='lat' dir='ltr'>organis</span> <span class='ocrx_word' id='word_1_15' title='bbox 1196 400 1596 465; x_wconf 81' lang='lat' dir='ltr'>effentialibus</span> <span class='ocrx_word' id='word_1_16' title='bbox 1637 417 1764 466; x_wconf 91' lang='lat' dir='ltr'>tum</span> <span class='ocrx_word' id='word_1_17' title='bbox 1816 423 1892 467; x_wconf 85' lang='lat' dir='ltr'>ex</span> <span class='ocrx_word' id='word_1_18' title='bbox 1933 406 2065 468; x_wconf 85' lang='lat' dir='ltr'>aliis</span> <span class='ocrx_word' id='word_1_19' title='bbox 2115 407 2293 470; x_wconf 82' lang='lat' dir='ltr'>dedu·</span> 
     </span>
     <span class='ocr_line' id='line_1_4' title="bbox 121 496 2293 587; baseline 0.003 -24"><span class='ocrx_word' id='word_1_20' title='bbox 121 519 339 564; x_wconf 82' lang='lat' dir='ltr'>cuntur</span> <span class='ocrx_word' id='word_1_21' title='bbox 364 545 388 574; x_wconf 89' lang='lat'><em>,</em></span> <span class='ocrx_word' id='word_1_22' title='bbox 428 503 646 585; x_wconf 72' lang='lat' dir='ltr'>nempe</span> <span class='ocrx_word' id='word_1_23' title='bbox 673 504 711 566; x_wconf 77' lang='grc' dir='ltr'>ὲ</span> <span class='ocrx_word' id='word_1_24' title='bbox 736 504 921 567; x_wconf 87' lang='lat' dir='ltr'>calice</span> <span class='ocrx_word' id='word_1_25' title='bbox 956 522 1143 567; x_wconf 90' lang='lat' dir='ltr'>mono</span> <span class='ocrx_word' id='word_1_26' title='bbox 1174 519 1280 567; x_wconf 86' lang='lat' dir='ltr'>aut</span> <span class='ocrx_word' id='word_1_27' title='bbox 1320 503 1724 587; x_wconf 83' lang='lat' dir='ltr'>polyphyllo,</span> <span class='ocrx_word' id='word_1_28' title='bbox 1745 506 2010 587; x_wconf 85' lang='lat' dir='ltr'>germine</span> <span class='ocrx_word' id='word_1_29' title='bbox 2044 496 2293 587; x_wconf 68' lang='lat' dir='ltr'>simplici</span> 
     </span>
     <span class='ocr_line' id='line_1_5' title="bbox 118 604 2295 688; baseline 0.003 -25"><span class='ocrx_word' id='word_1_30' title='bbox 118 619 217 663; x_wconf 84' lang='lat' dir='ltr'>aut</span> <span class='ocrx_word' id='word_1_31' title='bbox 261 604 617 687; x_wconf 80' lang='lat' dir='ltr'>multiplici,</span> <span class='ocrx_word' id='word_1_32' title='bbox 651 605 963 668; x_wconf 85' lang='lat' dir='ltr'>staminum</span> <span class='ocrx_word' id='word_1_33' title='bbox 1000 624 1255 668; x_wconf 85' lang='lat' dir='ltr'>numero</span> <span class='ocrx_word' id='word_1_34' title='bbox 1282 607 1348 667; x_wconf 74' lang='grc' dir='ltr'>δι</span> <span class='ocrx_word' id='word_1_35' title='bbox 1371 607 1770 688; x_wconf 87' lang='lat' dir='ltr'>proportione</span> <span class='ocrx_word' id='word_1_36' title='bbox 1796 607 1862 669; x_wconf 78' lang='grc' dir='ltr'>δι</span> <span class='ocrx_word' id='word_1_37' title='bbox 1891 609 2295 684; x_wconf 80' lang='lat' dir='ltr'>connexione,</span> 
     </span>
     <span class='ocr_line' id='line_1_6' title="bbox 118 701 2296 789; baseline 0.004 -25"><span class='ocrx_word' id='word_1_38' title='bbox 118 701 340 765; x_wconf 70' lang='lat' dir='ltr'>fruflfis</span> <span class='ocrx_word' id='word_1_39' title='bbox 379 705 751 789; x_wconf 61' lang='lat' dir='ltr'>dehiscentia</span> <span class='ocrx_word' id='word_1_40' title='bbox 795 708 857 769; x_wconf 79' lang='grc' dir='ltr'>δι</span> <span class='ocrx_word' id='word_1_41' title='bbox 903 708 1244 770; x_wconf 88' lang='lat' dir='ltr'>loculorum</span> <span class='ocrx_word' id='word_1_42' title='bbox 1294 726 1550 770; x_wconf 85' lang='lat' dir='ltr'>numero</span> <span class='ocrx_word' id='word_1_43' title='bbox 1581 755 1602 783; x_wconf 91' lang='lat'>‚</span> <span class='ocrx_word' id='word_1_44' title='bbox 1638 706 1925 771; x_wconf 85' lang='lat' dir='ltr'>foliorum</span> <span class='ocrx_word' id='word_1_45' title='bbox 1967 709 2033 771; x_wconf 76' lang='grc' dir='ltr'>δι</span> <span class='ocrx_word' id='word_1_46' title='bbox 2076 708 2296 772; x_wconf 83' lang='lat' dir='ltr'>florum</span> 
     </span>
     <span class='ocr_line' id='line_1_7' title="bbox 119 794 2302 891; baseline 0.003 -26"><span class='ocrx_word' id='word_1_47' title='bbox 119 802 225 865; x_wconf 78' lang='lat' dir='ltr'>firu</span> <span class='ocrx_word' id='word_1_48' title='bbox 245 851 269 880; x_wconf 90' lang='lat'><strong>,</strong></span> <span class='ocrx_word' id='word_1_49' title='bbox 316 805 492 868; x_wconf 85' lang='lat' dir='ltr'>caule</span> <span class='ocrx_word' id='word_1_50' title='bbox 549 807 813 869; x_wconf 88' lang='lat' dir='ltr'>arboreo</span> <span class='ocrx_word' id='word_1_51' title='bbox 871 824 974 868; x_wconf 87' lang='lat' dir='ltr'>aut</span> <span class='ocrx_word' id='word_1_52' title='bbox 1027 807 1329 870; x_wconf 85' lang='lat' dir='ltr'>herbaceo</span> <span class='ocrx_word' id='word_1_53' title='bbox 1358 853 1382 878; x_wconf 95' lang='lat'>,</span> <span class='ocrx_word' id='word_1_54' title='bbox 1437 807 1678 891; x_wconf 83' lang='lat' dir='ltr'>aliisque</span> <span class='ocrx_word' id='word_1_55' title='bbox 1720 826 1823 871; x_wconf 87' lang='lat' dir='ltr'>aut</span> <span class='ocrx_word' id='word_1_56' title='bbox 1868 794 2156 872; x_wconf 80' lang='lat' dir='ltr'>fimilib&#39;us</span> <span class='ocrx_word' id='word_1_57' title='bbox 2196 827 2302 873; x_wconf 88' lang='lat' dir='ltr'>aut</span> 
     </span>
     <span class='ocr_line' id='line_1_8' title="bbox 120 901 2298 990; baseline 0.004 -29"><span class='ocrx_word' id='word_1_58' title='bbox 120 901 460 965; x_wconf 81' lang='lat' dir='ltr'>levioribus</span> <span class='ocrx_word' id='word_1_59' title='bbox 510 907 720 976; x_wconf 87' lang='lat' dir='ltr'>notis,</span> <span class='ocrx_word' id='word_1_60' title='bbox 770 924 906 987; x_wconf 81' lang='lat' dir='ltr'>quae</span> <span class='ocrx_word' id='word_1_61' title='bbox 943 904 1209 968; x_wconf 73' lang='lat' dir='ltr'>seorsum</span> <span class='ocrx_word' id='word_1_62' title='bbox 1267 905 1586 986; x_wconf 89' lang='lat' dir='ltr'>generibus</span> <span class='ocrx_word' id='word_1_63' title='bbox 1636 905 2053 988; x_wconf 82' lang='lat' dir='ltr'>distinguendis</span> <span class='ocrx_word' id='word_1_64' title='bbox 2095 924 2251 990; x_wconf 80' lang='lat' dir='ltr'>aptae</span> <span class='ocrx_word' id='word_1_65' title='bbox 2271 950 2298 977; x_wconf 88' lang='lat'><em>,</em></span> 
     </span>
     <span class='ocr_line' id='line_1_9' title="bbox 122 988 2297 1088; baseline 0.003 -23"><span class='ocrx_word' id='word_1_66' title='bbox 122 1002 287 1066; x_wconf 68' lang='lat' dir='ltr'>finunl</span> <span class='ocrx_word' id='word_1_67' title='bbox 337 1004 699 1068; x_wconf 63' lang='lat' dir='ltr'>destruendis</span> <span class='ocrx_word' id='word_1_68' title='bbox 735 988 1050 1070; x_wconf 80' lang='lat' dir='ltr'>ordinibus</span> <span class='ocrx_word' id='word_1_69' title='bbox 1100 1006 1539 1088; x_wconf 86' lang='lat' dir='ltr'>impenduntur.</span> <span class='ocrx_word' id='word_1_70' title='bbox 1585 1006 1919 1071; x_wconf 80' lang='lat' dir='ltr'>Neceffaria</span> <span class='ocrx_word' id='word_1_71' title='bbox 1965 1010 2123 1071; x_wconf 85' lang='lat' dir='ltr'>inter</span> <span class='ocrx_word' id='word_1_72' title='bbox 2166 1009 2297 1071; x_wconf 88' lang='lat' dir='ltr'>illas</span> 
     </span>
     <span class='ocr_line' id='line_1_10' title="bbox 125 1107 2297 1189; baseline 0.002 -22"><span class='ocrx_word' id='word_1_73' title='bbox 125 1123 315 1170; x_wconf 76' lang='lat' dir='ltr'>mnet</span> <span class='ocrx_word' id='word_1_74' title='bbox 352 1107 717 1170; x_wconf 81' lang='lat' dir='ltr'>instituenda</span> <span class='ocrx_word' id='word_1_75' title='bbox 751 1108 1069 1189; x_wconf 80' lang='lat' dir='ltr'>gradatiO,</span> <span class='ocrx_word' id='word_1_76' title='bbox 1115 1126 1253 1169; x_wconf 89' lang='lat' dir='ltr'>cum</span> <span class='ocrx_word' id='word_1_77' title='bbox 1304 1108 1437 1170; x_wconf 83' lang='lat' dir='ltr'>aliae</span> <span class='ocrx_word' id='word_1_78' title='bbox 1487 1109 1619 1172; x_wconf 87' lang='lat' dir='ltr'>aliis</span> <span class='ocrx_word' id='word_1_79' title='bbox 1657 1109 1769 1171; x_wconf 87' lang='lat' dir='ltr'>fint</span> <span class='ocrx_word' id='word_1_80' title='bbox 1804 1125 1909 1173; x_wconf 88' lang='lat' dir='ltr'>aut</span> <span class='ocrx_word' id='word_1_81' title='bbox 1956 1110 2145 1172; x_wconf 74' lang='lat' dir='ltr'>multo</span> <span class='ocrx_word' id='word_1_82' title='bbox 2192 1126 2297 1172; x_wconf 88' lang='lat' dir='ltr'>aut</span> 
     </span>
     <span class='ocr_line' id='line_1_11' title="bbox 125 1209 2297 1292; baseline 0.001 -22"><span class='ocrx_word' id='word_1_83' title='bbox 125 1209 297 1289; x_wconf 70' lang='lat' dir='ltr'>paulo</span> <span class='ocrx_word' id='word_1_84' title='bbox 318 1210 775 1275; x_wconf 80' lang='lat' dir='ltr'>constantiores.</span> <span class='ocrx_word' id='word_1_85' title='bbox 816 1210 930 1273; x_wconf 87' lang='lat' dir='ltr'>Sed</span> <span class='ocrx_word' id='word_1_86' title='bbox 971 1211 1218 1273; x_wconf 86' lang='lat' dir='ltr'>ulterior</span> <span class='ocrx_word' id='word_1_87' title='bbox 1260 1211 1619 1292; x_wconf 85' lang='lat' dir='ltr'>promoveri</span> <span class='ocrx_word' id='word_1_88' title='bbox 1652 1212 1858 1292; x_wconf 88' lang='lat' dir='ltr'>nequit</span> <span class='ocrx_word' id='word_1_89' title='bbox 1897 1230 2100 1275; x_wconf 89' lang='lat' dir='ltr'>earum</span> <span class='ocrx_word' id='word_1_90' title='bbox 2140 1212 2297 1274; x_wconf 81' lang='lat' dir='ltr'>aesti</span> 
     </span>
     <span class='ocr_line' id='line_1_12' title="bbox 130 1310 2301 1430; baseline 0.001 -57"><span class='ocrx_word' id='word_1_91' title='bbox 130 1313 313 1374; x_wconf 77' lang='lat' dir='ltr'>matio</span> <span class='ocrx_word' id='word_1_92' title='bbox 337 1310 715 1395; x_wconf 49' lang='lat' dir='ltr'>quaint-dn</span> <span class='ocrx_word' id='word_1_93' title='bbox 755 1315 1108 1397; x_wconf 76' lang='lat' dir='ltr'>pauciorum</span> <span class='ocrx_word' id='word_1_94' title='bbox 1144 1331 1303 1430; x_wconf 77' lang='lat' dir='ltr'>nunc</span> <span class='ocrx_word' id='word_1_95' title='bbox 1323 1314 1603 1377; x_wconf 85' lang='lat' dir='ltr'>ordinum</span> <span class='ocrx_word' id='word_1_96' title='bbox 1635 1313 2112 1378; x_wconf 83' lang='lat' dir='ltr'>notiffimorum</span> <span class='ocrx_word' id='word_1_97' title='bbox 2096 1314 2301 1396; x_wconf 85' lang='lat' dir='ltr'>mqui-</span> 
     </span>
     <span class='ocr_line' id='line_1_13' title="bbox 55 1390 719 1477; baseline 0.005 -3"><span class='ocrx_word' id='word_1_98' title='bbox 55 1390 75 1415; x_wconf 63' lang='lat'><strong><em>‘</em></strong></span> <span class='ocrx_word' id='word_1_99' title='bbox 129 1411 333 1477; x_wconf 77' lang='lat' dir='ltr'>firiooe</span> <span class='ocrx_word' id='word_1_100' title='bbox 372 1414 719 1477; x_wconf 77' lang='lat' dir='ltr'>illustratur.</span> 
     </span>
    </p>

    <p class='ocr_par' dir='ltr' id='par_1_2' title="bbox 122 1482 2304 2206">
     <span class='ocr_line' id='line_1_14' title="bbox 194 1482 2304 1599; baseline 0.001 -24"><span class='ocrx_word' id='word_1_101' title='bbox 194 1512 343 1575; x_wconf 84' lang='lat' dir='ltr'>Illud</span> <span class='ocrx_word' id='word_1_102' title='bbox 366 1515 611 1577; x_wconf 71' lang='lat' dir='ltr'>tantum</span> <span class='ocrx_word' id='word_1_103' title='bbox 643 1517 708 1577; x_wconf 89' lang='lat' dir='ltr'>in</span> <span class='ocrx_word' id='word_1_104' title='bbox 737 1532 1023 1599; x_wconf 86' lang='lat' dir='ltr'>promptu</span> <span class='ocrx_word' id='word_1_105' title='bbox 1043 1515 1285 1598; x_wconf 80' lang='lat' dir='ltr'>jamiam</span> <span class='ocrx_word' id='word_1_106' title='bbox 1316 1516 1718 1581; x_wconf 85' lang='lat' dir='ltr'>concludere</span> <span class='ocrx_word' id='word_1_107' title='bbox 1704 1533 1909 1597; x_wconf 78' lang='lat' dir='ltr'>Juvat,</span> <span class='ocrx_word' id='word_1_108' title='bbox 1949 1482 2163 1599; x_wconf 74' lang='lat' dir='ltr'>nempe</span> <span class='ocrx_word' id='word_1_109' title='bbox 2186 1516 2304 1578; x_wconf 89' lang='lat' dir='ltr'>dis-</span> 
     </span>
     <span class='ocr_line' id='line_1_15' title="bbox 126 1614 2300 1701; baseline 0.002 -23"><span class='ocrx_word' id='word_1_110' title='bbox 126 1614 320 1679; x_wconf 69' lang='lat' dir='ltr'>tmflas</span> <span class='ocrx_word' id='word_1_111' title='bbox 339 1616 477 1677; x_wconf 85' lang='lat' dir='ltr'>dari</span> <span class='ocrx_word' id='word_1_112' title='bbox 497 1623 861 1681; x_wconf 68' lang='lat' dir='ltr'>carasterum</span> <span class='ocrx_word' id='word_1_113' title='bbox 892 1619 1176 1681; x_wconf 85' lang='lat' dir='ltr'>cohortes</span> <span class='ocrx_word' id='word_1_114' title='bbox 1213 1619 1435 1700; x_wconf 86' lang='lat' dir='ltr'>quibus</span> <span class='ocrx_word' id='word_1_115' title='bbox 1461 1618 1703 1699; x_wconf 73' lang='lat' dir='ltr'>lingulis</span> <span class='ocrx_word' id='word_1_116' title='bbox 1744 1620 1881 1682; x_wconf 85' lang='lat' dir='ltr'>suus</span> <span class='ocrx_word' id='word_1_117' title='bbox 1903 1620 1985 1682; x_wconf 85' lang='lat' dir='ltr'>est</span> <span class='ocrx_word' id='word_1_118' title='bbox 2011 1619 2300 1701; x_wconf 85' lang='lat' dir='ltr'>generalis</span> 
     </span>
     <span class='ocr_line' id='line_1_16' title="bbox 128 1717 2302 1802; baseline 0.001 -23"><span class='ocrx_word' id='word_1_119' title='bbox 128 1718 472 1796; x_wconf 71' lang='lat' dir='ltr'>praestantiae</span> <span class='ocrx_word' id='word_1_120' title='bbox 515 1717 768 1798; x_wconf 82' lang='lat' dir='ltr'>gradus,</span> <span class='ocrx_word' id='word_1_121' title='bbox 811 1736 947 1800; x_wconf 81' lang='lat' dir='ltr'>quae</span> <span class='ocrx_word' id='word_1_122' title='bbox 979 1736 1176 1780; x_wconf 88' lang='lat' dir='ltr'>tamen</span> <span class='ocrx_word' id='word_1_123' title='bbox 1222 1736 1350 1780; x_wconf 88' lang='lat' dir='ltr'>non</span> <span class='ocrx_word' id='word_1_124' title='bbox 1390 1719 1560 1779; x_wconf 78' lang='lat' dir='ltr'>certb</span> <span class='ocrx_word' id='word_1_125' title='bbox 1596 1718 2056 1802; x_wconf 79' lang='lat' dir='ltr'>circumscriptae</span> <span class='ocrx_word' id='word_1_126' title='bbox 2100 1736 2302 1783; x_wconf 83' lang='lat' dir='ltr'>extre-</span> 
     </span>
     <span class='ocr_line' id='line_1_17' title="bbox 128 1818 2304 1902; baseline 0.002 -24"><span class='ocrx_word' id='word_1_127' title='bbox 128 1820 230 1879; x_wconf 86' lang='lat' dir='ltr'>mis</span> <span class='ocrx_word' id='word_1_128' title='bbox 253 1820 413 1882; x_wconf 85' lang='lat' dir='ltr'>inter</span> <span class='ocrx_word' id='word_1_129' title='bbox 443 1818 510 1882; x_wconf 88' lang='lat' dir='ltr'>se</span> <span class='ocrx_word' id='word_1_130' title='bbox 548 1819 860 1882; x_wconf 82' lang='lat' dir='ltr'>cohaerent</span> <span class='ocrx_word' id='word_1_131' title='bbox 884 1839 953 1882; x_wconf 91' lang='lat' dir='ltr'>ac</span> <span class='ocrx_word' id='word_1_132' title='bbox 977 1821 1141 1901; x_wconf 80' lang='lat' dir='ltr'>quast</span> <span class='ocrx_word' id='word_1_133' title='bbox 1173 1820 1646 1901; x_wconf 83' lang='lat' dir='ltr'>complicantur,</span> <span class='ocrx_word' id='word_1_134' title='bbox 1666 1819 1731 1880; x_wconf 79' lang='grc' dir='ltr'>δι</span> <span class='ocrx_word' id='word_1_135' title='bbox 1749 1821 1985 1902; x_wconf 71' lang='lat' dir='ltr'>posthac</span> <span class='ocrx_word' id='word_1_136' title='bbox 2004 1822 2179 1883; x_wconf 60' lang='lat' dir='ltr'>aneio</span> <span class='ocrx_word' id='word_1_137' title='bbox 2202 1839 2304 1882; x_wconf 87' lang='lat' dir='ltr'>or-</span> 
     </span>
     <span class='ocr_line' id='line_1_18' title="bbox 124 1920 2304 2005; baseline 0 -23"><span class='ocrx_word' id='word_1_138' title='bbox 124 1920 329 1982; x_wconf 72' lang='lat' dir='ltr'>diuum</span> <span class='ocrx_word' id='word_1_139' title='bbox 342 1921 501 1984; x_wconf 72' lang='lat' dir='ltr'>vere</span> <span class='ocrx_word' id='word_1_140' title='bbox 523 1922 886 1984; x_wconf 79' lang='lat' dir='ltr'>naturalium</span> <span class='ocrx_word' id='word_1_141' title='bbox 911 1940 1198 1997; x_wconf 77' lang='lat' dir='ltr'>numere,</span> <span class='ocrx_word' id='word_1_142' title='bbox 1224 1922 1512 2004; x_wconf 84' lang='lat' dir='ltr'>ampliato</span> <span class='ocrx_word' id='word_1_143' title='bbox 1532 1920 2021 1984; x_wconf 86' lang='lat' dir='ltr'>observationum</span> <span class='ocrx_word' id='word_1_144' title='bbox 2052 1941 2304 2005; x_wconf 83' lang='lat' dir='ltr'>campo,</span> 
     </span>
     <span class='ocr_line' id='line_1_19' title="bbox 122 2004 2304 2105; baseline -0.002 -20"><span class='ocrx_word' id='word_1_145' title='bbox 122 2004 529 2102; x_wconf 60' lang='lat' dir='ltr'>multiplicetis</span> <span class='ocrx_word' id='word_1_146' title='bbox 559 2021 989 2105; x_wconf 85' lang='lat' dir='ltr'>probationum</span> <span class='ocrx_word' id='word_1_147' title='bbox 1026 2022 1362 2084; x_wconf 87' lang='lat' dir='ltr'>rationibus</span> <span class='ocrx_word' id='word_1_148' title='bbox 1400 2022 1466 2084; x_wconf 75' lang='grc' dir='ltr'>δι</span> <span class='ocrx_word' id='word_1_149' title='bbox 1499 2022 1858 2083; x_wconf 78' lang='lat' dir='ltr'>accuratiori</span> <span class='ocrx_word' id='word_1_150' title='bbox 1898 2021 2148 2084; x_wconf 74' lang='lat' dir='ltr'>subinde</span> <span class='ocrx_word' id='word_1_151' title='bbox 2180 2020 2304 2082; x_wconf 83' lang='lat' dir='ltr'>ins-</span> 
     </span>
     <span class='ocr_line' id='line_1_20' title="bbox 122 2122 2225 2206; baseline -0.002 -18"><span class='ocrx_word' id='word_1_152' title='bbox 122 2123 295 2188; x_wconf 64' lang='lat' dir='ltr'>tituta</span> <span class='ocrx_word' id='word_1_153' title='bbox 313 2124 757 2199; x_wconf 71' lang='lat' dir='ltr'>aestimatione,</span> <span class='ocrx_word' id='word_1_154' title='bbox 787 2124 851 2186; x_wconf 86' lang='lat' dir='ltr'>in</span> <span class='ocrx_word' id='word_1_155' title='bbox 870 2124 1072 2206; x_wconf 88' lang='lat' dir='ltr'>plures</span> <span class='ocrx_word' id='word_1_156' title='bbox 1102 2123 1300 2205; x_wconf 71' lang='lat' dir='ltr'>aptius</span> <span class='ocrx_word' id='word_1_157' title='bbox 1328 2122 1643 2187; x_wconf 69' lang='lat' dir='ltr'>definitas·</span> <span class='ocrx_word' id='word_1_158' title='bbox 1628 2123 1844 2186; x_wconf 74' lang='lat' dir='ltr'>iterum</span> <span class='ocrx_word' id='word_1_159' title='bbox 1868 2123 2225 2186; x_wconf 86' lang='lat' dir='ltr'>dividentur.</span> 
     </span>
    </p>

    <p class='ocr_par' dir='ltr' id='par_1_3' title="bbox 123 2224 2305 2410">
     <span class='ocr_line' id='line_1_21' title="bbox 194 2224 2305 2305; baseline -0.001 -15"><span class='ocrx_word' id='word_1_160' title='bbox 194 2226 473 2290; x_wconf 57' lang='lat' dir='ltr'>Admissi</span> <span class='ocrx_word' id='word_1_161' title='bbox 519 2226 760 2288; x_wconf 86' lang='lat' dir='ltr'>interim</span> <span class='ocrx_word' id='word_1_162' title='bbox 803 2224 1034 2287; x_wconf 66' lang='lat' dir='ltr'>trifaria</span> <span class='ocrx_word' id='word_1_163' title='bbox 1073 2224 1437 2303; x_wconf 66' lang='lat' dir='ltr'>caraQerum</span> <span class='ocrx_word' id='word_1_164' title='bbox 1484 2226 1899 2305; x_wconf 87' lang='lat' dir='ltr'>genericorum</span> <span class='ocrx_word' id='word_1_165' title='bbox 1935 2224 2305 2305; x_wconf 85' lang='lat' dir='ltr'>partitione</span> <span class='ocrx_word' id='word_1_166' title='bbox 2279 2270 2300 2299; x_wconf 90' lang='lat'>‚</span> 
     </span>
     <span class='ocr_line' id='line_1_22' title="bbox 123 2324 2301 2410; baseline -0.001 -20"><span class='ocrx_word' id='word_1_167' title='bbox 123 2328 312 2410; x_wconf 54' lang='lat' dir='ltr'>dispar</span> <span class='ocrx_word' id='word_1_168' title='bbox 352 2347 435 2392; x_wconf 77' lang='lat' dir='ltr'>ex</span> <span class='ocrx_word' id='word_1_169' title='bbox 481 2327 560 2389; x_wconf 86' lang='lat' dir='ltr'>iis</span> <span class='ocrx_word' id='word_1_170' title='bbox 604 2327 918 2390; x_wconf 87' lang='lat' dir='ltr'>deducitur</span> <span class='ocrx_word' id='word_1_171' title='bbox 963 2345 1251 2408; x_wconf 87' lang='lat' dir='ltr'>generum</span> <span class='ocrx_word' id='word_1_172' title='bbox 1280 2327 1538 2390; x_wconf 84' lang='lat' dir='ltr'>affinitas</span> <span class='ocrx_word' id='word_1_173' title='bbox 1561 2374 1581 2403; x_wconf 90' lang='lat'>,</span> <span class='ocrx_word' id='word_1_174' title='bbox 1611 2327 1837 2389; x_wconf 76' lang='lat' dir='ltr'>scilicet</span> <span class='ocrx_word' id='word_1_175' title='bbox 1871 2327 2027 2389; x_wconf 86' lang='lat' dir='ltr'>nulla</span> <span class='ocrx_word' id='word_1_176' title='bbox 2057 2345 2131 2389; x_wconf 88' lang='lat' dir='ltr'>ex</span> <span class='ocrx_word' id='word_1_177' title='bbox 2157 2324 2301 2388; x_wconf 85' lang='lat' dir='ltr'>solis</span> 
     </span>
    </p>
   </div>
   <div class='ocr_carea' id='block_1_2' title="bbox 124 2426 2421 2506">
    <p class='ocr_par' dir='ltr' id='par_1_4' title="bbox 124 2426 2421 2506">
     <span class='ocr_line' id='line_1_23' title="bbox 124 2426 2421 2506; baseline -0.001 -17"><span class='ocrx_word' id='word_1_178' title='bbox 124 2427 675 2490; x_wconf 74' lang='lat' dir='ltr'>femimiformibus</span> <span class='ocrx_word' id='word_1_179' title='bbox 694 2427 944 2489; x_wconf 87' lang='lat' dir='ltr'>minoris</span> <span class='ocrx_word' id='word_1_180' title='bbox 968 2444 1166 2501; x_wconf 81' lang='lat' dir='ltr'>notae,</span> <span class='ocrx_word' id='word_1_181' title='bbox 1198 2426 1518 2489; x_wconf 80' lang='lat' dir='ltr'>mediocris</span> <span class='ocrx_word' id='word_1_182' title='bbox 1544 2447 1621 2491; x_wconf 87' lang='lat' dir='ltr'>ex</span> <span class='ocrx_word' id='word_1_183' title='bbox 1643 2427 1848 2492; x_wconf 84' lang='lat' dir='ltr'>iisdem</span> <span class='ocrx_word' id='word_1_184' title='bbox 1874 2426 2328 2490; x_wconf 84' lang='lat' dir='ltr'>constantiori-·</span> <span class='ocrx_word' id='word_1_185' title='bbox 2417 2501 2421 2506; x_wconf 9' lang='grc' dir='ltr'><strong><em>ἢ</em></strong></span> 
     </span>
    </p>
   </div>
   <div class='ocr_carea' id='block_1_3' title="bbox 124 2525 2315 3820">
    <p class='ocr_par' dir='ltr' id='par_1_5' title="bbox 124 2525 2315 3820">
     <span class='ocr_line' id='line_1_24' title="bbox 125 2525 2300 2613; baseline -0.005 -15"><span class='ocrx_word' id='word_1_186' title='bbox 125 2530 277 2606; x_wconf 73' lang='lat' dir='ltr'>bus,</span> <span class='ocrx_word' id='word_1_187' title='bbox 307 2530 512 2613; x_wconf 85' lang='lat' dir='ltr'>aliqua</span> <span class='ocrx_word' id='word_1_188' title='bbox 538 2549 614 2591; x_wconf 81' lang='lat' dir='ltr'>ex</span> <span class='ocrx_word' id='word_1_189' title='bbox 653 2528 1205 2602; x_wconf 83' lang='lat' dir='ltr'>subuniformibus,</span> <span class='ocrx_word' id='word_1_190' title='bbox 1246 2527 1439 2608; x_wconf 83' lang='lat' dir='ltr'>major</span> <span class='ocrx_word' id='word_1_191' title='bbox 1478 2549 1554 2591; x_wconf 87' lang='lat' dir='ltr'>ex</span> <span class='ocrx_word' id='word_1_192' title='bbox 1589 2528 2004 2591; x_wconf 87' lang='lat' dir='ltr'>uniformibus.</span> <span class='ocrx_word' id='word_1_193' title='bbox 2036 2525 2300 2588; x_wconf 75' lang='lat' dir='ltr'>Aliunde</span> 
     </span>
     <span class='ocr_line' id='line_1_25' title="bbox 127 2627 2303 2707; baseline -0.002 -14"><span class='ocrx_word' id='word_1_194' title='bbox 127 2631 298 2693; x_wconf 81' lang='lat' dir='ltr'>etiam</span> <span class='ocrx_word' id='word_1_195' title='bbox 333 2633 402 2693; x_wconf 86' lang='lat' dir='ltr'>in</span> <span class='ocrx_word' id='word_1_196' title='bbox 440 2631 813 2694; x_wconf 83' lang='lat' dir='ltr'>instituendis</span> <span class='ocrx_word' id='word_1_197' title='bbox 853 2631 1170 2693; x_wconf 86' lang='lat' dir='ltr'>ordinibus</span> <span class='ocrx_word' id='word_1_198' title='bbox 1214 2631 1366 2693; x_wconf 76' lang='lat' dir='ltr'>vere</span> <span class='ocrx_word' id='word_1_199' title='bbox 1405 2632 1774 2693; x_wconf 86' lang='lat' dir='ltr'>naturalibus</span> <span class='ocrx_word' id='word_1_200' title='bbox 1817 2630 2051 2692; x_wconf 85' lang='lat' dir='ltr'>diversa</span> <span class='ocrx_word' id='word_1_201' title='bbox 2099 2627 2303 2707; x_wconf 85' lang='lat' dir='ltr'>cujus-</span> 
     </span>
     <span class='ocr_line' id='line_1_26' title="bbox 128 2717 2305 2817; baseline -0.003 -21"><span class='ocrx_word' id='word_1_202' title='bbox 128 2732 265 2796; x_wconf 84' lang='lat' dir='ltr'>libet</span> <span class='ocrx_word' id='word_1_203' title='bbox 284 2717 647 2817; x_wconf 78' lang='lat' dir='ltr'>partitionis</span> <span class='ocrx_word' id='word_1_204' title='bbox 680 2733 764 2794; x_wconf 87' lang='lat' dir='ltr'>est</span> <span class='ocrx_word' id='word_1_205' title='bbox 795 2733 1063 2795; x_wconf 84' lang='lat' dir='ltr'>habenda</span> <span class='ocrx_word' id='word_1_206' title='bbox 1098 2733 1258 2795; x_wconf 84' lang='lat' dir='ltr'>ratio</span> <span class='ocrx_word' id='word_1_207' title='bbox 1278 2750 1533 2814; x_wconf 86' lang='lat' dir='ltr'>:genera</span> <span class='ocrx_word' id='word_1_208' title='bbox 1564 2733 1722 2796; x_wconf 89' lang='lat' dir='ltr'>enim</span> <span class='ocrx_word' id='word_1_209' title='bbox 1749 2733 1812 2793; x_wconf 91' lang='lat' dir='ltr'>in</span> <span class='ocrx_word' id='word_1_210' title='bbox 1853 2732 1928 2792; x_wconf 89' lang='lat' dir='ltr'>iis</span> <span class='ocrx_word' id='word_1_211' title='bbox 1954 2730 2305 2792; x_wconf 79' lang='lat' dir='ltr'>coordinata</span> 
     </span>
     <span class='ocr_line' id='line_1_27' title="bbox 129 2829 2306 2916; baseline -0.003 -20"><span class='ocrx_word' id='word_1_212' title='bbox 129 2834 509 2897; x_wconf 81' lang='lat' dir='ltr'>consentiunt</span> <span class='ocrx_word' id='word_1_213' title='bbox 538 2832 862 2916; x_wconf 75' lang='lat' dir='ltr'>necess&#39;arib</span> <span class='ocrx_word' id='word_1_214' title='bbox 900 2832 1295 2895; x_wconf 64' lang='lat' dir='ltr'>caraReribus</span> <span class='ocrx_word' id='word_1_215' title='bbox 1332 2832 1630 2913; x_wconf 84' lang='lat' dir='ltr'>primariis</span> <span class='ocrx_word' id='word_1_216' title='bbox 1655 2876 1674 2904; x_wconf 86' lang='lat'>,</span> <span class='ocrx_word' id='word_1_217' title='bbox 1706 2830 2058 2911; x_wconf 85' lang='lat' dir='ltr'>generaliter</span> <span class='ocrx_word' id='word_1_218' title='bbox 2094 2829 2306 2891; x_wconf 89' lang='lat' dir='ltr'>secun-</span> 
     </span>
     <span class='ocr_line' id='line_1_28' title="bbox 130 2929 2306 3017; baseline -0.004 -19"><span class='ocrx_word' id='word_1_219' title='bbox 130 2934 350 3006; x_wconf 79' lang='lat' dir='ltr'>dariis,</span> <span class='ocrx_word' id='word_1_220' title='bbox 396 2933 721 3017; x_wconf 72' lang='lat' dir='ltr'>plurimum</span> <span class='ocrx_word' id='word_1_221' title='bbox 761 2933 1049 2996; x_wconf 85' lang='lat' dir='ltr'>tertiariis</span> <span class='ocrx_word' id='word_1_222' title='bbox 1091 2934 1629 3006; x_wconf 82' lang='lat' dir='ltr'>constantioribus,</span> <span class='ocrx_word' id='word_1_223' title='bbox 1667 2931 1960 2993; x_wconf 74' lang='lat' dir='ltr'>interdum</span> <span class='ocrx_word' id='word_1_224' title='bbox 1984 2929 2188 2993; x_wconf 89' lang='lat' dir='ltr'>iisdem</span> <span class='ocrx_word' id='word_1_225' title='bbox 2210 2930 2306 2990; x_wconf 85' lang='lat' dir='ltr'>in-</span> 
     </span>
     <span class='ocr_line' id='line_1_29' title="bbox 131 3028 2306 3114; baseline -0.004 -13"><span class='ocrx_word' id='word_1_226' title='bbox 131 3037 549 3100; x_wconf 69' lang='lat' dir='ltr'>stabilior-ibus.</span> <span class='ocrx_word' id='word_1_227' title='bbox 581 3035 678 3097; x_wconf 88' lang='lat' dir='ltr'>Sic</span> <span class='ocrx_word' id='word_1_228' title='bbox 698 3037 759 3095; x_wconf 91' lang='lat' dir='ltr'>in</span> <span class='ocrx_word' id='word_1_229' title='bbox 784 3033 1237 3098; x_wconf 87' lang='lat' dir='ltr'>Cruciferarum</span> <span class='ocrx_word' id='word_1_230' title='bbox 1267 3035 1482 3097; x_wconf 88' lang='lat' dir='ltr'>ordine</span> <span class='ocrx_word' id='word_1_231' title='bbox 1515 3031 1782 3114; x_wconf 87' lang='lat' dir='ltr'>primarii</span> <span class='ocrx_word' id='word_1_232' title='bbox 1817 3028 2146 3095; x_wconf 83' lang='lat' dir='ltr'>uniformes</span> <span class='ocrx_word' id='word_1_233' title='bbox 2175 3031 2306 3093; x_wconf 86' lang='lat' dir='ltr'>sunt</span> 
     </span>
     <span class='ocr_line' id='line_1_30' title="bbox 130 3133 2308 3218; baseline -0.004 -18"><span class='ocrx_word' id='word_1_234' title='bbox 130 3138 372 3200; x_wconf 66' lang='lat' dir='ltr'>ffimiua</span> <span class='ocrx_word' id='word_1_235' title='bbox 421 3137 758 3218; x_wconf 82' lang='lat' dir='ltr'>hypogyna</span> <span class='ocrx_word' id='word_1_236' title='bbox 807 3134 872 3195; x_wconf 75' lang='grc' dir='ltr'>δι</span> <span class='ocrx_word' id='word_1_237' title='bbox 913 3136 1224 3196; x_wconf 88' lang='lat' dir='ltr'>corculum</span> <span class='ocrx_word' id='word_1_238' title='bbox 1267 3134 1557 3196; x_wconf 85' lang='lat' dir='ltr'>bilobum.</span> <span class='ocrx_word' id='word_1_239' title='bbox 1595 3133 1937 3199; x_wconf 73' lang='lat' dir='ltr'>secundarii</span> <span class='ocrx_word' id='word_1_240' title='bbox 1977 3133 2113 3195; x_wconf 89' lang='lat' dir='ltr'>sunt</span> <span class='ocrx_word' id='word_1_241' title='bbox 2154 3133 2308 3212; x_wconf 80' lang='lat' dir='ltr'>peri-</span> 
     </span>
     <span class='ocr_line' id='line_1_31' title="bbox 130 3230 2306 3321; baseline -0.005 -22"><span class='ocrx_word' id='word_1_242' title='bbox 130 3238 342 3321; x_wconf 83' lang='lat' dir='ltr'>spermi</span> <span class='ocrx_word' id='word_1_243' title='bbox 370 3237 636 3301; x_wconf 67' lang='lat' dir='ltr'>defefius</span> <span class='ocrx_word' id='word_1_244' title='bbox 661 3283 682 3312; x_wconf 89' lang='lat'>,</span> <span class='ocrx_word' id='word_1_245' title='bbox 722 3236 879 3299; x_wconf 82' lang='lat' dir='ltr'>calix</span> <span class='ocrx_word' id='word_1_246' title='bbox 911 3237 1164 3298; x_wconf 82' lang='lat' dir='ltr'>existens</span> <span class='ocrx_word' id='word_1_247' title='bbox 1192 3236 1272 3310; x_wconf 74' lang='grc' dir='ltr'>,βε</span> <span class='ocrx_word' id='word_1_248' title='bbox 1309 3235 1563 3315; x_wconf 87' lang='lat' dir='ltr'>germini</span> <span class='ocrx_word' id='word_1_249' title='bbox 1602 3234 1826 3296; x_wconf 86' lang='lat' dir='ltr'>inferus</span> <span class='ocrx_word' id='word_1_250' title='bbox 1848 3280 1868 3310; x_wconf 91' lang='lat'>,</span> <span class='ocrx_word' id='word_1_251' title='bbox 1913 3231 2146 3294; x_wconf 89' lang='lat' dir='ltr'>corolla</span> <span class='ocrx_word' id='word_1_252' title='bbox 2186 3230 2306 3311; x_wconf 81' lang='lat' dir='ltr'>hy-</span> 
     </span>
     <span class='ocr_line' id='line_1_32' title="bbox 131 3330 2309 3423; baseline -0.007 -19"><span class='ocrx_word' id='word_1_253' title='bbox 131 3359 371 3423; x_wconf 74' lang='lat' dir='ltr'>pogyna</span> <span class='ocrx_word' id='word_1_254' title='bbox 411 3339 480 3402; x_wconf 75' lang='grc' dir='ltr'>δι</span> <span class='ocrx_word' id='word_1_255' title='bbox 512 3338 902 3420; x_wconf 81' lang='lat' dir='ltr'>polypetala‚</span> <span class='ocrx_word' id='word_1_256' title='bbox 938 3337 1170 3401; x_wconf 87' lang='lat' dir='ltr'>corculi</span> <span class='ocrx_word' id='word_1_257' title='bbox 1210 3338 1474 3400; x_wconf 85' lang='lat' dir='ltr'>radicula</span> <span class='ocrx_word' id='word_1_258' title='bbox 1508 3335 1864 3399; x_wconf 82' lang='lat' dir='ltr'>descendens</span> <span class='ocrx_word' id='word_1_259' title='bbox 1887 3378 1906 3405; x_wconf 83' lang='grc'><em>,</em></span> <span class='ocrx_word' id='word_1_260' title='bbox 1948 3332 2172 3394; x_wconf 84' lang='lat' dir='ltr'>semina</span> <span class='ocrx_word' id='word_1_261' title='bbox 2218 3330 2309 3390; x_wconf 87' lang='lat' dir='ltr'>in-</span> 
     </span>
     <span class='ocr_line' id='line_1_33' title="bbox 130 3433 2310 3522; baseline -0.003 -22"><span class='ocrx_word' id='word_1_262' title='bbox 130 3440 275 3503; x_wconf 84' lang='lat' dir='ltr'>serta</span> <span class='ocrx_word' id='word_1_263' title='bbox 326 3439 563 3521; x_wconf 87' lang='lat' dir='ltr'>duplici</span> <span class='ocrx_word' id='word_1_264' title='bbox 620 3439 1002 3522; x_wconf 88' lang='lat' dir='ltr'>receptaculo</span> <span class='ocrx_word' id='word_1_265' title='bbox 1046 3437 1275 3500; x_wconf 83' lang='lat' dir='ltr'>laterali</span> <span class='ocrx_word' id='word_1_266' title='bbox 1322 3437 1623 3520; x_wconf 73' lang='lat' dir='ltr'>opposito·</span> <span class='ocrx_word' id='word_1_267' title='bbox 1670 3434 1954 3498; x_wconf 84' lang='lat' dir='ltr'>Tertiarii</span> <span class='ocrx_word' id='word_1_268' title='bbox 2017 3433 2310 3494; x_wconf 84' lang='lat' dir='ltr'>habemur</span> 
     </span>
     <span class='ocr_line' id='line_1_34' title="bbox 128 3535 2310 3622; baseline -0.004 -17"><span class='ocrx_word' id='word_1_269' title='bbox 128 3543 275 3605; x_wconf 76' lang='lat' dir='ltr'>calix</span> <span class='ocrx_word' id='word_1_270' title='bbox 312 3540 720 3622; x_wconf 82' lang='lat' dir='ltr'>tetraphyllus</span> <span class='ocrx_word' id='word_1_271' title='bbox 770 3540 1094 3615; x_wconf 87' lang='lat' dir='ltr'>deciduus,</span> <span class='ocrx_word' id='word_1_272' title='bbox 1142 3540 1339 3622; x_wconf 86' lang='lat' dir='ltr'>petala</span> <span class='ocrx_word' id='word_1_273' title='bbox 1381 3556 1639 3621; x_wconf 85' lang='lat' dir='ltr'>quatuor</span> <span class='ocrx_word' id='word_1_274' title='bbox 1678 3538 1849 3600; x_wconf 85' lang='lat' dir='ltr'>calici</span> <span class='ocrx_word' id='word_1_275' title='bbox 1893 3536 2157 3611; x_wconf 84' lang='lat' dir='ltr'>alterna,</span> <span class='ocrx_word' id='word_1_276' title='bbox 2197 3535 2310 3596; x_wconf 81' lang='lat' dir='ltr'>sta·</span> 
     </span>
     <span class='ocr_line' id='line_1_35' title="bbox 128 3633 2315 3724; baseline -0.005 -18"><span class='ocrx_word' id='word_1_277' title='bbox 128 3644 282 3707; x_wconf 75' lang='lat' dir='ltr'>nina</span> <span class='ocrx_word' id='word_1_278' title='bbox 331 3643 435 3707; x_wconf 84' lang='lat' dir='ltr'>sex</span> <span class='ocrx_word' id='word_1_279' title='bbox 479 3643 894 3724; x_wconf 83' lang='lat' dir='ltr'>tetradynama</span> <span class='ocrx_word' id='word_1_280' title='bbox 923 3685 945 3712; x_wconf 91' lang='lat'><em>,</em></span> <span class='ocrx_word' id='word_1_281' title='bbox 993 3660 1236 3722; x_wconf 86' lang='lat' dir='ltr'>germen</span> <span class='ocrx_word' id='word_1_282' title='bbox 1285 3639 1575 3723; x_wconf 84' lang='lat' dir='ltr'>fimplex,</span> <span class='ocrx_word' id='word_1_283' title='bbox 1619 3638 1841 3699; x_wconf 64' lang='lat' dir='ltr'>fruRus</span> <span class='ocrx_word' id='word_1_284' title='bbox 1886 3634 2192 3718; x_wconf 85' lang='lat' dir='ltr'>filiquosus</span> <span class='ocrx_word' id='word_1_285' title='bbox 2221 3633 2315 3695; x_wconf 84' lang='lat' dir='ltr'>bi·</span> 
     </span>
     <span class='ocr_line' id='line_1_36' title="bbox 124 3737 2308 3820; baseline -0.006 -11"><span class='ocrx_word' id='word_1_286' title='bbox 124 3745 411 3808; x_wconf 72' lang='lat' dir='ltr'>iocularis</span> <span class='ocrx_word' id='word_1_287' title='bbox 452 3744 720 3806; x_wconf 81' lang='lat' dir='ltr'>bivalvis</span> <span class='ocrx_word' id='word_1_288' title='bbox 754 3790 775 3820; x_wconf 90' lang='lat'>‚</span> <span class='ocrx_word' id='word_1_289' title='bbox 812 3743 976 3805; x_wconf 71' lang='lat' dir='ltr'>&#39;folia</span> <span class='ocrx_word' id='word_1_290' title='bbox 1018 3743 1287 3818; x_wconf 86' lang='lat' dir='ltr'>alterna,·</span> <span class='ocrx_word' id='word_1_291' title='bbox 1339 3742 1522 3804; x_wconf 85' lang='lat' dir='ltr'>flores</span> <span class='ocrx_word' id='word_1_292' title='bbox 1565 3757 1690 3801; x_wconf 91' lang='lat' dir='ltr'>non</span> <span class='ocrx_word' id='word_1_293' title='bbox 1738 3737 2053 3810; x_wconf 77' lang='lat' dir='ltr'>axillares3</span> <span class='ocrx_word' id='word_1_294' title='bbox 2102 3748 2308 3797; x_wconf 83' lang='lat' dir='ltr'>extant</span> 
     </span>
    </p>
   </div>
   <div class='ocr_carea' id='block_1_4' title="bbox 122 3837 2410 3925">
    <p class='ocr_par' dir='ltr' id='par_1_6' title="bbox 122 3837 2410 3925">
     <span class='ocr_line' id='line_1_37' title="bbox 122 3837 2410 3925; baseline -0.006 -16"><span class='ocrx_word' id='word_1_295' title='bbox 122 3859 321 3909; x_wconf 73' lang='lat' dir='ltr'>men</span> <span class='ocrx_word' id='word_1_296' title='bbox 358 3844 667 3906; x_wconf 60' lang='lat' dir='ltr'>rariffime‘</span> <span class='ocrx_word' id='word_1_297' title='bbox 706 3843 863 3908; x_wconf 70' lang='lat' dir='ltr'>mlix</span> <span class='ocrx_word' id='word_1_298' title='bbox 916 3842 1219 3925; x_wconf 82' lang='lat' dir='ltr'>perfistens</span> <span class='ocrx_word' id='word_1_299' title='bbox 1246 3887 1265 3920; x_wconf 88' lang='lat'>,</span> <span class='ocrx_word' id='word_1_300' title='bbox 1308 3841 1491 3905; x_wconf 79' lang='lat' dir='ltr'>flores</span> <span class='ocrx_word' id='word_1_301' title='bbox 1532 3841 1753 3902; x_wconf 86' lang='lat' dir='ltr'>abortu</span> <span class='ocrx_word' id='word_1_302' title='bbox 1795 3837 2023 3899; x_wconf 88' lang='lat' dir='ltr'>diandri</span> <span class='ocrx_word' id='word_1_303' title='bbox 2066 3853 2169 3897; x_wconf 86' lang='lat' dir='ltr'>aut</span> <span class='ocrx_word' id='word_1_304' title='bbox 2207 3850 2309 3897; x_wconf 87' lang='lat' dir='ltr'>te·</span> <span class='ocrx_word' id='word_1_305' title='bbox 2405 3863 2410 3868; x_wconf 97' lang='lat'>·</span> 
     </span>
    </p>
   </div>
   <div class='ocr_carea' id='block_1_5' title="bbox 121 3935 2308 4026">
    <p class='ocr_par' dir='ltr' id='par_1_7' title="bbox 121 3935 2308 4026">
     <span class='ocr_line' id='line_1_38' title="bbox 121 3935 2308 4026; baseline -0.008 -13"><span class='ocrx_word' id='word_1_306' title='bbox 121 3948 349 4012; x_wconf 71' lang='lat' dir='ltr'>nandri</span> <span class='ocrx_word' id='word_1_307' title='bbox 373 3994 395 4026; x_wconf 92' lang='lat'><strong>,</strong></span> <span class='ocrx_word' id='word_1_308' title='bbox 443 3945 665 4009; x_wconf 66' lang='lat' dir='ltr'>fruetur</span> <span class='ocrx_word' id='word_1_309' title='bbox 686 3946 790 4011; x_wconf 84' lang='lat' dir='ltr'>uni</span> <span class='ocrx_word' id='word_1_310' title='bbox 810 3959 917 4010; x_wconf 75' lang='lat' dir='ltr'>aut</span> <span class='ocrx_word' id='word_1_311' title='bbox 939 3944 1306 4011; x_wconf 84' lang='lat' dir='ltr'>trilocularis</span> <span class='ocrx_word' id='word_1_312' title='bbox 1335 3962 1459 4007; x_wconf 87' lang='lat' dir='ltr'>non</span> <span class='ocrx_word' id='word_1_313' title='bbox 1482 3940 1790 4005; x_wconf 79' lang='lat' dir='ltr'>dehiscens</span> <span class='ocrx_word' id='word_1_314' title='bbox 1805 3984 1831 4012; x_wconf 87' lang='lat'>,</span> <span class='ocrx_word' id='word_1_315' title='bbox 1866 3938 2011 4001; x_wconf 83' lang='lat' dir='ltr'>folia</span> <span class='ocrx_word' id='word_1_316' title='bbox 2037 3935 2308 4019; x_wconf 82' lang='lat' dir='ltr'>oppofita</span> 
     </span>
    </p>
   </div>
  </div>
 </body>
</html>
