2646 4292
2157 153 2299 214 xxv

106 263 289 326 alteri
335 268 556 329 nomini
604 266 922 328 conforme
957 281 1060 327 aut
1092 265 1570 348 comparativum
1606 293 1655 330 a.
1697 268 1934 332 Nomen
1967 269 2306 352 specificum

107 365 181 425 fit
216 366 444 447 pariter
475 366 721 447 simplex
756 386 826 428 ac
860 365 1075 435 facile,
1116 365 1211 426 sed
1256 368 1542 447 praeterea
1588 366 1915 447 significans
1945 418 1964 445 ,
2003 371 2304 452 praecipue

107 462 545 527 desumendum
592 485 671 529 ex
707 465 904 527 solido
939 465 1239 528 carafiere'
1267 466 1516 548 speciem
1555 466 1589 527 a
1641 471 2307 549 congeneribus-distin-

103 580 336 643 guente
364 568 433 629 ἃ.
470 585 614 629 tunc
664 567 813 628 vere
829 566 1133 648 specificam
1164 566 1188 608 ⁶
1216 613 1237 641 ,
1268 582 1371 629 aut
1396 588 1475 629 eo
1515 568 1829 632 deficiente
1865 569 2099 631 interim
2124 571 2310 632 unde-

108 666 358 746 quaque
393 666 749 728 eliciendum
773 711 794 741 ,
827 667 1042 748 nempe
1080 687 1157 730 ex
1195 666 1366 738 solo,
1401 671 1676 749 regione,
1717 669 2093 751 tempestate,
2132 670 2305 731 dura—

105 766 308 841 tione,
323 767 540 831 colore
552 815 571 845 ,
588 768 796 850 sapore
812 817 831 844 ,
845 769 1063 844 odore,
1084 767 1194 831 usu
1213 769 1328 832 διε.
1343 815 1363 845 ,
1380 787 1522 857 tunc
1539 770 1795 833 deterius
1811 771 2024 832 triviale
2038 770 2303 832 dictum&

180 867 541 950 Descriptio
595 871 696 932 vel
756 870 839 933 est
903 871 1166 952 partialis
1227 872 1326 934 vel
1391 873 1772 935 universalis·
1800 893 1814 931 ε
1867 873 1996 934 haec
2053 872 2300 954 propria

110 966 562 1051 Monographis
581 973 816 1033 unicam
851 971 1107 1053 plantam
1132 973 1601 1037 describentibus
1626 994 1729 1036 aut
1752 974 2296 1056 peregrinatoribus

111 1069 182 1131 de
215 1073 556 1151 vegetantis
588 1073 865 1134 haEienils
901 1074 1191 1153 incogniti
1233 1092 1449 1154 genere
1499 1075 1738 1136 incertis
1764 1121 1782 1150 ,
1816 1074 2066 1155 fingulas
2089 1076 2295 1136 nomi-

113 1174 299 1233 natim
320 1172 597 1235 recenset
627 1190 824 1255 partes
862 1175 1077 1235 ordine
1102 1173 1386 1237 uniformi
1424 1175 1540 1255 (ne
1571 1177 1838 1256 quaedam
1862 1176 2296 1256 omittantur),

114 1272 331 1355 nempe
372 1274 632 1335 radicem
654 1321 674 1348 ,
717 1274 941 1337 caulem
965 1320 984 1350 ,
1020 1272 1163 1336 solia
1194 1320 1214 1350 ,
1264 1275 1762 1338 inflorescentiam
1789 1322 1808 1352 ,
1856 1277 2099 1339 calicem
2121 1322 2141 1351 ,
2179 1295 2297 1337 co-

94 1372 330 1441 ,ronam
356 1419 377 1448 ‚
423 1376 665 1437 stamina
689 1423 707 1452 ,
757 1376 1032 1459 pistillum
1068 1421 1089 1449 ,
1140 1375 1394 1439 fructum
1438 1378 1500 1438 δι
1541 1379 1795 1452 semina,
1835 1379 2048 1460 easque
2088 1396 2297 1438 omnes

116 1473 358 1535 ratione
389 1475 750 1551 existentiae,
787 1476 963 1553 fitsls,
1007 1479 1286 1549 numeri,
1327 1466 1763 1555 connexionis,
1801 1479 2005 1559 figurae
2046 1478 2108 1538 δι
2147 1498 2296 1559 pro-

117 1575 464 1652 portionis,
496 1575 714 1639 additis
754 1578 988 1661 insuper
1033 1580 1238 1641 habitu
1262 1627 1282 1655 ,
1329 1582 1518 1660 patria
1542 1628 1561 1657 ,
1602 1580 1732 1641 solo
1757 1627 1776 1655 ,
1816 1579 2140 1640 vernaculo
2176 1597 2297 1639 no-

119 1675 280 1737 mine
318 1676 385 1735 &
428 1675 551 1737 usu.
598 1676 945 1761 Descriptio
984 1681 1249 1760 partialis
1288 1681 1561 1743 usitatior
1600 1678 1784 1741 altera
1822 1679 2168 1760 generiem,
2210 1678 2300 1739 al-

118 1794 240 1838 tera
282 1777 600 1858 specificos
647 1780 904 1842 delineat
943 1781 1259 1845 carneieres
1292 1782 1509 1842 eodem
1539 1781 1781 1854 ordine,
1819 1798 1974 1841 nunc
2003 1780 2300 1858 prolixior

120 1878 182 1937 in
228 1879 724 1942 dissertationibus
758 1881 823 1941 &
862 1883 1301 1964 phytographia
1343 1881 1619 1964 partiali,
1659 1900 1817 1943 nunc
1869 1882 1928 1940 in
1977 1878 2299 1942 unIversali

118 1977 482 2040 contrafflor
506 1979 796 2042 diffimilia
832 1982 1064 2045 tantum
1101 1981 1411 2063 proferens
1444 1983 1604 2063 signa
1639 1984 1936 2063 praecipua
1961 2027 1980 2056 ,
2010 1981 2200 2062 qualis
2233 1982 2298 2043 in

119 2081 428 2161 nuperiori
468 2080 795 2143 Linnaeano
841 2082 1157 2164 systemate
1195 2084 1448 2145 habetur
1480 2064 1763 2164 generum
1808 2081 2186 2144 adumbratio
2229 2081 2297 2142 &

119 2181 503 2265 descriptoria
543 2184 766 2265 phrasis
795 2184 1079 2266 specifico
1113 2186 1341 2247 nomini
1380 2184 1618 2263 adjeGia.
1651 2184 1754 2245 Eae
1791 2201 1987 2246 autem
2016 2203 2296 2265 compen-

123 2283 302 2345 diosae
324 2285 752 2347 Botanicorum
785 2285 1212 2368 descriptiones
1234 2286 1390 2369 saepe
1427 2302 1674 2367 peccant
1697 2306 1895 2367 pravo
1925 2284 2289 2348 caradierum

122 2384 375 2461 delean,
417 2385 805 2448 essentialium
844 2387 1197 2460 omiflione,
1238 2386 1736 2465 comparabilium
1772 2385 2039 2456 defeciu,
2077 2385 2299 2447 indica-

122 2485 281 2546 tione
320 2504 443 2547 non
483 2486 836 2562 sufficienti,
879 2507 1026 2568 quas
1053 2489 1234 2567 igitur
1257 2488 1476 2548 iterum
1521 2504 1699 2567 atque
1732 2485 1947 2547 iterum
1988 2486 2298 2547 reconcin-

126 2603 259 2648 nare
300 2605 457 2668 opus
497 2588 597 2649 est.
634 2589 748 2650 His
791 2589 1153 2667 subjicienda
1195 2586 1329 2649 sunt
1365 2606 1492 2649 non
1529 2587 1647 2648 fine
1690 2588 2098 2649 emolumento
2126 2584 2302 2667 syno-
2344 2610 2348 2614 ·

123 2709 281 2767 ayma
300 2689 400 2752 seu
422 2688 657 2751 diversa
686 2692 931 2754 nomina
960 2691 1037 2751 ab
1057 2689 1393 2752 Autoribus
1415 2687 1715 2769 praecipue
1737 2688 2033 2767 primariis
2055 2677 2084 2719 ‘¹
2104 2686 2300 2747 eidem

184 2971 214 2997 ⁸
244 2965 503 3024 Nomina
542 2967 907 3036 comparativa
943 2966 1050 3025 alia
1083 2963 1348 3037 syllabam
1374 2965 1704 3038 praemittuqt
1744 2965 1790 3031 ,'
1822 2980 1883 3022 ut
1918 2960 2284 3039 Linagrostis,

121 3057 637 3135 Pseudodidumnus
659 3105 677 3132 ,
723 3059 1140 3137 Chamacerafits
1181 3056 1281 3120 δέ.
1310 3109 1330 3133 ,
1379 3062 1486 3120 alia
1527 3058 1779 3118 eamdem
1818 3057 2146 3132 postponunt
2171 3104 2189 3131 ‚
2232 3075 2296 3114 ut

121 3155 422 3230 Assem‘ides
464 3202 484 3226 ,
546 3154 965 3234 Plautaginella
1001 3201 1026 3231 ,
1077 3144 1385 3242 Myrtillus
1418 3203 1439 3229 ,
1499 3154 1784 3216 Salican‘a
1815 3201 1839 3226 ‚
1898 3153 2257 3233 Alsinastntm
2282 3208 2304 3235 ‚

122 3251 363 3330 lunago
398 3250 502 3311 ὅτ.
600 3327 605 3334 .

82 3371 103 3390 ⁶
194 3341 218 3381 ⁶
247 3351 331 3409 Ut
364 3352 621 3409 fumaria
659 3348 951 3426 vesicaria,
986 3349 1239 3409 Fumaria
1277 3347 1497 3425 bulbos&
1518 3395 1537 3421 ,
1585 3349 1784 3423 Pyrola
1823 3346 2122 3426 umbellam
2147 3349 2298 3419 ,Py-
2365 3343 2370 3352 '

114 3445 224 3512 tola
253 3445 491 3527 mussera
511 3494 529 3518 ,
573 3447 863 3506 Hordeum
908 3444 1185 3521 distichum
1205 3490 1225 3517 ,
1266 3445 1552 3503 Hordeum
1605 3443 1989 3520 hexasticham.

183 3561 202 3586 τ
235 3548 315 3602 Ut
345 3546 625 3605 veronica
657 3540 897 3619 arvensts
920 3580 943 3617 ,
993 3545 1292 3616 Eryngmm
1326 3543 1691 3614 maritimum,
1720 3545 1922 3600 Circaea
1948 3540 2248 3601 Lutetiam:
2274 3588 2293 3612 ,

125 3643 413 3700 Leuco'ium
450 3661 676 3701 vernum
704 3685 722 3710 ,
764 3643 863 3697 Iva
904 3660 1132 3707 annua,
1176 3641 1420 3697 [amium
1465 3637 1648 3694 album
1693 3683 1711 3708 ,
1754 3637 1981 3695 Mentha
2020 3640 2290 3711 piperita,

121 3738 274 3795 viola
311 3741 595 3805 odorata,
657 3731 912 3794 Anchusa
960 3734 1248 3812 officinalis
1271 3781 1292 3806 ‚
1353 3737 1598 3792 Satutc'ia
1647 3731 1905 3807 hortenfis
1930 3775 1952 3798 ‚
1996 3736 2294 3805 Myagrutrr

112 3829 379 3908 sm'vum,
421 3832 707 3892 pastinaca
743 3831 1009 3890 oleracea.

186 3925 211 3965 ὅ
252 3931 371 4014 Qui
407 3931 465 3995 in
492 3935 767 3998 Amorum
800 3930 1107 4005 prolatione
1131 3931 1429 4005 praecipuos
1454 3945 1546 3987 aut
1571 3927 1727 3986 utiles
1752 3917 2294 3998 quossibetconscius
2333 3935 2339 3952 ³
