<?xml version="1.0" encoding="UTF-8"?>
<!DOCTYPE html PUBLIC "-//W3C//DTD XHTML 1.0 Transitional//EN"
    "http://www.w3.org/TR/xhtml1/DTD/xhtml1-transitional.dtd">
<html xmlns="http://www.w3.org/1999/xhtml" xml:lang="en" lang="en">
 <head>
  <title>
</title>
<meta http-equiv="Content-Type" content="text/html;charset=utf-8" />
  <meta name='ocr-system' content='tesseract 3.04.00' />
  <meta name='ocr-capabilities' content='ocr_page ocr_carea ocr_par ocr_line ocrx_word'/>
</head>
<body>
  <div class='ocr_page' id='page_1' title='image "./antoniilaurenti00jussgoog_0428.png"; bbox 0 0 2646 4292; ppageno 0'>
   <div class='ocr_carea' id='block_1_1' title="bbox 261 91 479 191">
    <p class='ocr_par' dir='ltr' id='par_1_1' title="bbox 261 91 479 191">
     <span class='ocr_line' id='line_1_1' title="bbox 261 91 479 191; baseline 0.005 -27"><span class='ocrx_word' id='word_1_1' title='bbox 261 184 264 185; x_wconf 8' lang='lat'><em>7</em></span> <span class='ocrx_word' id='word_1_2' title='bbox 335 91 479 191; x_wconf 83' lang='lat'>306</span> 
     </span>
    </p>
   </div>
   <div class='ocr_carea' id='block_1_2' title="bbox 332 218 2567 716">
    <p class='ocr_par' dir='ltr' id='par_1_2' title="bbox 332 218 2567 716">
     <span class='ocr_line' id='line_1_2' title="bbox 333 218 2485 312; baseline -0.001 -21"><span class='ocrx_word' id='word_1_3' title='bbox 333 231 516 312; x_wconf 72' lang='lat' dir='ltr'>quam</span> <span class='ocrx_word' id='word_1_4' title='bbox 556 223 881 295; x_wconf 83' lang='lat' dir='ltr'>immixtis,</span> <span class='ocrx_word' id='word_1_5' title='bbox 921 221 1196 305; x_wconf 86' lang='lat' dir='ltr'>pluribus</span> <span class='ocrx_word' id='word_1_6' title='bbox 1233 222 1479 305; x_wconf 88' lang='lat' dir='ltr'>quidem</span> <span class='ocrx_word' id='word_1_7' title='bbox 1515 221 1577 285; x_wconf 92' lang='lat' dir='ltr'>in</span> <span class='ocrx_word' id='word_1_8' title='bbox 1622 218 1948 307; x_wconf 64' lang='lat' dir='ltr'>perigynia&#39;</span> <span class='ocrx_word' id='word_1_9' title='bbox 1986 226 2166 309; x_wconf 62' lang='lat' dir='ltr'>quam</span> <span class='ocrx_word' id='word_1_10' title='bbox 2217 229 2275 290; x_wconf 87' lang='lat' dir='ltr'>in</span> <span class='ocrx_word' id='word_1_11' title='bbox 2312 226 2485 308; x_wconf 73' lang='lat' dir='ltr'>hypo·</span> 
     </span>
     <span class='ocr_line' id='line_1_3' title="bbox 332 316 2486 413; baseline -0.002 -22"><span class='ocrx_word' id='word_1_12' title='bbox 332 316 566 413; x_wconf 66' lang='lat' dir='ltr'>gynifi,</span> <span class='ocrx_word' id='word_1_13' title='bbox 587 326 806 407; x_wconf 77' lang='lat' dir='ltr'>exiam</span> <span class='ocrx_word' id='word_1_14' title='bbox 844 323 1099 406; x_wconf 64' lang='lat' dir='ltr'>dictisp.</span> <span class='ocrx_word' id='word_1_15' title='bbox 1124 336 1223 402; x_wconf 82' lang='lat'>74.</span> <span class='ocrx_word' id='word_1_16' title='bbox 1248 324 1349 404; x_wconf 83' lang='lat'>87.</span> <span class='ocrx_word' id='word_1_17' title='bbox 1377 346 1533 402; x_wconf 81' lang='lat'>231,</span> <span class='ocrx_word' id='word_1_18' title='bbox 1553 325 1716 388; x_wconf 83' lang='lat' dir='ltr'>&amp;ex</span> <span class='ocrx_word' id='word_1_19' title='bbox 1740 325 2178 391; x_wconf 87' lang='lat' dir='ltr'>observandis</span> <span class='ocrx_word' id='word_1_20' title='bbox 2162 349 2222 391; x_wconf 84' lang='lat' dir='ltr'>tn</span> <span class='ocrx_word' id='word_1_21' title='bbox 2244 327 2486 413; x_wconf 69' lang='lat' dir='ltr'>praesenti</span> 
     </span>
     <span class='ocr_line' id='line_1_4' title="bbox 334 423 2567 533; baseline -0.003 -39"><span class='ocrx_word' id='word_1_22' title='bbox 334 429 508 494; x_wconf 79' lang='lat' dir='ltr'>claffe</span> <span class='ocrx_word' id='word_1_23' title='bbox 525 424 722 507; x_wconf 67' lang='lat' dir='ltr'>*eujus</span> <span class='ocrx_word' id='word_1_24' title='bbox 766 425 1011 490; x_wconf 86' lang='lat' dir='ltr'>ordines</span> <span class='ocrx_word' id='word_1_25' title='bbox 1052 424 1164 487; x_wconf 86' lang='lat' dir='ltr'>vix</span> <span class='ocrx_word' id='word_1_26' title='bbox 1215 423 1458 505; x_wconf 84' lang='lat' dir='ltr'>quidam</span> <span class='ocrx_word' id='word_1_27' title='bbox 1509 424 1806 487; x_wconf 86' lang='lat' dir='ltr'>habentur</span> <span class='ocrx_word' id='word_1_28' title='bbox 1853 428 2111 490; x_wconf 79' lang='lat' dir='ltr'>omnino</span> <span class='ocrx_word' id='word_1_29' title='bbox 2148 427 2501 533; x_wconf 68' lang='lat' dir='ltr'>polypetali,</span> <span class='ocrx_word' id='word_1_30' title='bbox 2554 426 2567 459; x_wconf 80' lang='lat'><strong><em>³</em></strong></span> 
     </span>
     <span class='ocr_line' id='line_1_5' title="bbox 334 512 2501 611; baseline -0.003 -16"><span class='ocrx_word' id='word_1_31' title='bbox 334 533 482 595; x_wconf 77' lang='lat' dir='ltr'>ditm</span> <span class='ocrx_word' id='word_1_32' title='bbox 532 532 595 593; x_wconf 88' lang='lat' dir='ltr'>in</span> <span class='ocrx_word' id='word_1_33' title='bbox 645 527 1007 611; x_wconf 71' lang='lat' dir='ltr'>praecedenti</span> <span class='ocrx_word' id='word_1_34' title='bbox 1060 525 1478 588; x_wconf 71' lang='lat' dir='ltr'>numerosiore</span> <span class='ocrx_word' id='word_1_35' title='bbox 1523 525 1852 608; x_wconf 87' lang='lat' dir='ltr'>pauciffimi</span> <span class='ocrx_word' id='word_1_36' title='bbox 1903 529 2228 610; x_wconf 85' lang='lat' dir='ltr'>generibus</span> <span class='ocrx_word' id='word_1_37' title='bbox 2277 512 2501 611; x_wconf 79' lang='lat' dir='ltr'>apetalis</span> 
     </span>
     <span class='ocr_line' id='line_1_6' title="bbox 335 626 2502 716; baseline -0.002 -19"><span class='ocrx_word' id='word_1_38' title='bbox 335 633 731 716; x_wconf 83' lang='lat' dir='ltr'>implicantur.</span> <span class='ocrx_word' id='word_1_39' title='bbox 765 629 988 691; x_wconf 86' lang='lat' dir='ltr'>Rarior</span> <span class='ocrx_word' id='word_1_40' title='bbox 1031 626 1283 691; x_wconf 84' lang='lat' dir='ltr'>corollae</span> <span class='ocrx_word' id='word_1_41' title='bbox 1318 628 1689 710; x_wconf 81' lang='lat' dir='ltr'>polypetalae</span> <span class='ocrx_word' id='word_1_42' title='bbox 1728 630 2042 711; x_wconf 82' lang='lat' dir='ltr'>perigynae</span> <span class='ocrx_word' id='word_1_43' title='bbox 2069 630 2131 692; x_wconf 87' lang='lat' dir='ltr'>in</span> <span class='ocrx_word' id='word_1_44' title='bbox 2174 644 2502 713; x_wconf 81' lang='lat' dir='ltr'>monopeta·</span> 
     </span>
    </p>
   </div>
   <div class='ocr_carea' id='block_1_3' title="bbox 200 726 2505 821">
    <p class='ocr_par' dir='ltr' id='par_1_3' title="bbox 200 726 2505 821">
     <span class='ocr_line' id='line_1_7' title="bbox 200 726 2505 821; baseline -0.003 -24"><span class='ocrx_word' id='word_1_45' title='bbox 200 781 208 788; x_wconf 86' lang='lat'>.</span> <span class='ocrx_word' id='word_1_46' title='bbox 336 734 455 797; x_wconf 88' lang='lat' dir='ltr'>lam</span> <span class='ocrx_word' id='word_1_47' title='bbox 483 729 807 794; x_wconf 85' lang='lat' dir='ltr'>converfio</span> <span class='ocrx_word' id='word_1_48' title='bbox 833 777 853 807; x_wconf 90' lang='lat'>‚</span> <span class='ocrx_word' id='word_1_49' title='bbox 888 727 1068 811; x_wconf 72' lang='lat' dir='ltr'>parce</span> <span class='ocrx_word' id='word_1_50' title='bbox 1111 727 1416 790; x_wconf 86' lang='lat' dir='ltr'>reserata</span> <span class='ocrx_word' id='word_1_51' title='bbox 1404 746 1462 789; x_wconf 81' lang='lat' dir='ltr'>tn</span> <span class='ocrx_word' id='word_1_52' title='bbox 1504 726 1924 821; x_wconf 75' lang='lat' dir='ltr'>Sempervivis</span> <span class='ocrx_word' id='word_1_53' title='bbox 1944 774 1966 801; x_wconf 87' lang='lat'>‚</span> <span class='ocrx_word' id='word_1_54' title='bbox 1990 729 2505 804; x_wconf 58' lang='lat' dir='ltr'>PortulaceisAa·</span> 
     </span>
    </p>
   </div>
   <div class='ocr_carea' id='block_1_4' title="bbox 337 827 2524 2642">
    <p class='ocr_par' dir='ltr' id='par_1_4' title="bbox 338 827 2511 1621">
     <span class='ocr_line' id='line_1_8' title="bbox 338 827 2506 918; baseline -0.004 -21"><span class='ocrx_word' id='word_1_55' title='bbox 338 831 663 918; x_wconf 71' lang='lat' dir='ltr'>gdniinofis</span> <span class='ocrx_word' id='word_1_56' title='bbox 706 832 769 893; x_wconf 85' lang='lat'>&amp;</span> <span class='ocrx_word' id='word_1_57' title='bbox 823 829 1116 893; x_wconf 84' lang='lat' dir='ltr'>Rhamnis</span> <span class='ocrx_word' id='word_1_58' title='bbox 1148 874 1168 904; x_wconf 90' lang='lat'>,</span> <span class='ocrx_word' id='word_1_59' title='bbox 1218 848 1342 891; x_wconf 94' lang='lat' dir='ltr'>non</span> <span class='ocrx_word' id='word_1_60' title='bbox 1393 827 1454 888; x_wconf 90' lang='lat' dir='ltr'>in</span> <span class='ocrx_word' id='word_1_61' title='bbox 1499 828 1820 909; x_wconf 85' lang='lat' dir='ltr'>generibus</span> <span class='ocrx_word' id='word_1_62' title='bbox 1868 829 2225 913; x_wconf 85' lang='lat' dir='ltr'>polyandris</span> <span class='ocrx_word' id='word_1_63' title='bbox 2272 829 2459 892; x_wconf 88' lang='lat' dir='ltr'>habita</span> <span class='ocrx_word' id='word_1_64' title='bbox 2485 875 2506 905; x_wconf 83' lang='lat'>‚</span> 
     </span>
     <span class='ocr_line' id='line_1_9' title="bbox 339 928 2507 1023; baseline -0.004 -22"><span class='ocrx_word' id='word_1_65' title='bbox 339 937 444 1001; x_wconf 87' lang='lat' dir='ltr'>sed</span> <span class='ocrx_word' id='word_1_66' title='bbox 476 937 537 997; x_wconf 86' lang='lat' dir='ltr'>in</span> <span class='ocrx_word' id='word_1_67' title='bbox 569 933 809 997; x_wconf 76' lang='lat' dir='ltr'>definire</span> <span class='ocrx_word' id='word_1_68' title='bbox 834 928 1213 996; x_wconf 81' lang='lat' dir='ltr'>staminiferis</span> <span class='ocrx_word' id='word_1_69' title='bbox 1242 948 1506 1012; x_wconf 85' lang='lat' dir='ltr'>quorum</span> <span class='ocrx_word' id='word_1_70' title='bbox 1532 928 1775 993; x_wconf 83' lang='lat' dir='ltr'>stamina</span> <span class='ocrx_word' id='word_1_71' title='bbox 1810 932 2375 1023; x_wconf 82' lang='lat' dir='ltr'>tunc,genera1iori</span> <span class='ocrx_word' id='word_1_72' title='bbox 2404 931 2507 1013; x_wconf 84' lang='lat' dir='ltr'>legi</span> 
     </span>
     <span class='ocr_line' id='line_1_10' title="bbox 340 1030 2510 1120; baseline -0.006 -16"><span class='ocrx_word' id='word_1_73' title='bbox 340 1035 855 1120; x_wconf 80' lang='lat' dir='ltr'>obtemperantia,</span> <span class='ocrx_word' id='word_1_74' title='bbox 895 1047 1120 1096; x_wconf 89' lang='lat' dir='ltr'>mutato</span> <span class='ocrx_word' id='word_1_75' title='bbox 1159 1032 1272 1095; x_wconf 77' lang='lat' dir='ltr'>situ</span> <span class='ocrx_word' id='word_1_76' title='bbox 1319 1050 1397 1094; x_wconf 86' lang='lat' dir='ltr'>ex</span> <span class='ocrx_word' id='word_1_77' title='bbox 1432 1031 1744 1113; x_wconf 86' lang='lat' dir='ltr'>perigynis</span> <span class='ocrx_word' id='word_1_78' title='bbox 1773 1030 1927 1094; x_wconf 87' lang='lat' dir='ltr'>fiunt</span> <span class='ocrx_word' id='word_1_79' title='bbox 1964 1032 2175 1116; x_wconf 76' lang='lat' dir='ltr'>saepiits</span> <span class='ocrx_word' id='word_1_80' title='bbox 2213 1031 2510 1115; x_wconf 80' lang='lat' dir='ltr'>epipetala.</span> 
     </span>
     <span class='ocr_line' id='line_1_11' title="bbox 342 1132 2511 1220; baseline -0.005 -15"><span class='ocrx_word' id='word_1_81' title='bbox 342 1141 607 1205; x_wconf 79' lang='lat' dir='ltr'><strong>Cuilibet</strong></span> <span class='ocrx_word' id='word_1_82' title='bbox 639 1137 931 1220; x_wconf 55' lang='lat' dir='ltr'>praeterea</span> <span class='ocrx_word' id='word_1_83' title='bbox 965 1134 1251 1196; x_wconf 85' lang='lat' dir='ltr'>scrutanti</span> <span class='ocrx_word' id='word_1_84' title='bbox 1281 1133 1492 1196; x_wconf 86' lang='lat' dir='ltr'>varios</span> <span class='ocrx_word' id='word_1_85' title='bbox 1530 1132 1920 1196; x_wconf 81' lang='lat' dir='ltr'>insertionum</span> <span class='ocrx_word' id='word_1_86' title='bbox 1956 1134 2171 1196; x_wconf 88' lang='lat' dir='ltr'>modos</span> <span class='ocrx_word' id='word_1_87' title='bbox 2192 1134 2511 1198; x_wconf 82' lang='lat' dir='ltr'>manifestus</span> 
     </span>
     <span class='ocr_line' id='line_1_12' title="bbox 341 1232 2506 1317; baseline -0.003 -14"><span class='ocrx_word' id='word_1_88' title='bbox 341 1239 450 1306; x_wconf 88' lang='lat' dir='ltr'>fiet</span> <span class='ocrx_word' id='word_1_89' title='bbox 485 1238 807 1302; x_wconf 86' lang='lat' dir='ltr'>uniformis</span> <span class='ocrx_word' id='word_1_90' title='bbox 847 1237 905 1297; x_wconf 93' lang='lat' dir='ltr'>in</span> <span class='ocrx_word' id='word_1_91' title='bbox 952 1234 1184 1317; x_wconf 86' lang='lat' dir='ltr'>fingulo</span> <span class='ocrx_word' id='word_1_92' title='bbox 1229 1233 1447 1297; x_wconf 85' lang='lat' dir='ltr'>ordine</span> <span class='ocrx_word' id='word_1_93' title='bbox 1481 1233 1797 1295; x_wconf 87' lang='lat' dir='ltr'>staminum</span> <span class='ocrx_word' id='word_1_94' title='bbox 1840 1232 2029 1305; x_wconf 79' lang='lat' dir='ltr'>situs,</span> <span class='ocrx_word' id='word_1_95' title='bbox 2074 1233 2137 1296; x_wconf 92' lang='lat' dir='ltr'>in</span> <span class='ocrx_word' id='word_1_96' title='bbox 2177 1234 2506 1317; x_wconf 86' lang='lat' dir='ltr'>quibusdam</span> 
     </span>
     <span class='ocr_line' id='line_1_13' title="bbox 342 1318 2511 1422; baseline -0.004 -17"><span class='ocrx_word' id='word_1_97' title='bbox 342 1357 544 1405; x_wconf 73' lang='lat' dir='ltr'>tamen</span> <span class='ocrx_word' id='word_1_98' title='bbox 590 1339 751 1422; x_wconf 77' lang='lat' dir='ltr'>aegre</span> <span class='ocrx_word' id='word_1_99' title='bbox 801 1336 1175 1401; x_wconf 85' lang='lat' dir='ltr'>definiendus</span> <span class='ocrx_word' id='word_1_100' title='bbox 1228 1334 1431 1397; x_wconf 63' lang='lat' dir='ltr'>habita</span> <span class='ocrx_word' id='word_1_101' title='bbox 1471 1336 1708 1397; x_wconf 88' lang='lat' dir='ltr'>ratione</span> <span class='ocrx_word' id='word_1_102' title='bbox 1753 1335 1997 1418; x_wconf 87' lang='lat' dir='ltr'>pistilli,</span> <span class='ocrx_word' id='word_1_103' title='bbox 2041 1336 2201 1397; x_wconf 82' lang='lat' dir='ltr'>inter</span> <span class='ocrx_word' id='word_1_104' title='bbox 2228 1318 2511 1417; x_wconf 59' lang='lat' dir='ltr'>hypogy·</span> 
     </span>
     <span class='ocr_line' id='line_1_14' title="bbox 344 1432 2508 1523; baseline -0.006 -17"><span class='ocrx_word' id='word_1_105' title='bbox 344 1444 506 1506; x_wconf 83' lang='lat' dir='ltr'>niam</span> <span class='ocrx_word' id='word_1_106' title='bbox 547 1445 616 1506; x_wconf 77' lang='grc' dir='ltr'>δι</span> <span class='ocrx_word' id='word_1_107' title='bbox 662 1440 1040 1523; x_wconf 82' lang='lat' dir='ltr'>perigyniam</span> <span class='ocrx_word' id='word_1_108' title='bbox 1089 1454 1309 1517; x_wconf 85' lang='lat' dir='ltr'>anceps</span> <span class='ocrx_word' id='word_1_109' title='bbox 1352 1434 1806 1497; x_wconf 73' lang='lat' dir='ltr'>indeterminata</span> <span class='ocrx_word' id='word_1_110' title='bbox 1862 1434 1970 1518; x_wconf 88' lang='lat' dir='ltr'>(p.</span> <span class='ocrx_word' id='word_1_111' title='bbox 2020 1454 2153 1518; x_wconf 83' lang='lat'>¹54·</span> <span class='ocrx_word' id='word_1_112' title='bbox 2196 1436 2361 1518; x_wconf 83' lang='lat'>230)</span> <span class='ocrx_word' id='word_1_113' title='bbox 2389 1432 2508 1494; x_wconf 82' lang='lat' dir='ltr'>disci</span> 
     </span>
     <span class='ocr_line' id='line_1_15' title="bbox 347 1533 1900 1621; baseline -0.009 -10"><span class='ocrx_word' id='word_1_114' title='bbox 347 1542 695 1611; x_wconf 80' lang='lat' dir='ltr'>staminiferi</span> <span class='ocrx_word' id='word_1_115' title='bbox 732 1540 1013 1621; x_wconf 79' lang='lat' dir='ltr'>origine,</span> <span class='ocrx_word' id='word_1_116' title='bbox 1063 1536 1129 1600; x_wconf 68' lang='grc' dir='ltr'>ἃ</span> <span class='ocrx_word' id='word_1_117' title='bbox 1160 1534 1440 1616; x_wconf 73' lang='lat' dir='ltr'>analogia</span> <span class='ocrx_word' id='word_1_118' title='bbox 1474 1533 1900 1613; x_wconf 75' lang='lat' dir='ltr'>conjiciendus·</span> 
     </span>
    </p>

    <p class='ocr_par' dir='ltr' id='par_1_5' title="bbox 337 1634 2524 2642">
     <span class='ocr_line' id='line_1_16' title="bbox 422 1634 2511 1725; baseline -0.004 -18"><span class='ocrx_word' id='word_1_119' title='bbox 422 1645 602 1712; x_wconf 88' lang='lat' dir='ltr'>Utin</span> <span class='ocrx_word' id='word_1_120' title='bbox 641 1639 1025 1725; x_wconf 86' lang='lat' dir='ltr'>Hypogynis</span> <span class='ocrx_word' id='word_1_121' title='bbox 1060 1636 1535 1721; x_wconf 78' lang='lat' dir='ltr'>praecedentibus</span> <span class='ocrx_word' id='word_1_122' title='bbox 1576 1655 1635 1717; x_wconf 89' lang='lat' dir='ltr'>p.</span> <span class='ocrx_word' id='word_1_123' title='bbox 1676 1655 1835 1717; x_wconf 77' lang='lat'>229,</span> <span class='ocrx_word' id='word_1_124' title='bbox 1872 1634 1953 1698; x_wconf 85' lang='lat' dir='ltr'>fic</span> <span class='ocrx_word' id='word_1_125' title='bbox 2002 1636 2068 1697; x_wconf 76' lang='grc' dir='ltr'>δι</span> <span class='ocrx_word' id='word_1_126' title='bbox 2117 1636 2179 1697; x_wconf 86' lang='lat' dir='ltr'>in</span> <span class='ocrx_word' id='word_1_127' title='bbox 2219 1635 2511 1718; x_wconf 77' lang='lat' dir='ltr'>Perigynis</span> 
     </span>
     <span class='ocr_line' id='line_1_17' title="bbox 348 1736 2514 1827; baseline -0.006 -16"><span class='ocrx_word' id='word_1_128' title='bbox 348 1765 508 1811; x_wconf 79' lang='lat' dir='ltr'>nunc</span> <span class='ocrx_word' id='word_1_129' title='bbox 548 1743 879 1807; x_wconf 81' lang='lat' dir='ltr'>scrutandis</span> <span class='ocrx_word' id='word_1_130' title='bbox 912 1739 1106 1806; x_wconf 84' lang='lat' dir='ltr'>facilis</span> <span class='ocrx_word' id='word_1_131' title='bbox 1133 1738 1363 1827; x_wconf 84' lang='lat' dir='ltr'>claffica</span> <span class='ocrx_word' id='word_1_132' title='bbox 1402 1736 1737 1818; x_wconf 77' lang='lat' dir='ltr'>designatio</span> <span class='ocrx_word' id='word_1_133' title='bbox 1763 1753 1841 1800; x_wconf 83' lang='lat' dir='ltr'>ex</span> <span class='ocrx_word' id='word_1_134' title='bbox 1876 1736 2279 1801; x_wconf 75' lang='lat' dir='ltr'>essentialibus</span> <span class='ocrx_word' id='word_1_135' title='bbox 2311 1737 2375 1798; x_wconf 75' lang='grc' dir='ltr'>δι</span> <span class='ocrx_word' id='word_1_136' title='bbox 2408 1737 2514 1820; x_wconf 86' lang='lat' dir='ltr'>pri-</span> 
     </span>
     <span class='ocr_line' id='line_1_18' title="bbox 345 1835 2514 1922; baseline -0.006 -11"><span class='ocrx_word' id='word_1_137' title='bbox 345 1847 558 1911; x_wconf 83' lang='lat' dir='ltr'>mariis</span> <span class='ocrx_word' id='word_1_138' title='bbox 598 1842 1000 1909; x_wconf 68' lang='lat' dir='ltr'>caraaeribus</span> <span class='ocrx_word' id='word_1_139' title='bbox 1054 1838 1411 1922; x_wconf 85' lang='lat' dir='ltr'>deprompta</span> <span class='ocrx_word' id='word_1_140' title='bbox 1443 1881 1467 1910; x_wconf 88' lang='lat'><em>,</em></span> <span class='ocrx_word' id='word_1_141' title='bbox 1514 1835 1820 1899; x_wconf 87' lang='lat' dir='ltr'>difficilior</span> <span class='ocrx_word' id='word_1_142' title='bbox 1875 1837 2154 1901; x_wconf 83' lang='lat' dir='ltr'>ordinum</span> <span class='ocrx_word' id='word_1_143' title='bbox 2202 1836 2514 1901; x_wconf 82' lang='lat' dir='ltr'>distributio</span> 
     </span>
     <span class='ocr_line' id='line_1_19' title="bbox 352 1935 2512 2019; baseline -0.004 -12"><span class='ocrx_word' id='word_1_144' title='bbox 352 1946 589 2010; x_wconf 62' lang='lat' dir='ltr'>defectu</span> <span class='ocrx_word' id='word_1_145' title='bbox 637 1943 1005 2019; x_wconf 66' lang='lat' dir='ltr'>carasterum</span> <span class='ocrx_word' id='word_1_146' title='bbox 1044 1939 1200 2001; x_wconf 90' lang='lat' dir='ltr'>inter</span> <span class='ocrx_word' id='word_1_147' title='bbox 1242 1936 1623 2000; x_wconf 86' lang='lat' dir='ltr'>secundarios</span> <span class='ocrx_word' id='word_1_148' title='bbox 1665 1935 2131 2017; x_wconf 87' lang='lat' dir='ltr'>generaliorum.</span> <span class='ocrx_word' id='word_1_149' title='bbox 2169 1937 2349 2000; x_wconf 86' lang='lat' dir='ltr'>Nulla</span> <span class='ocrx_word' id='word_1_150' title='bbox 2373 1936 2512 2000; x_wconf 78' lang='lat' dir='ltr'>enim</span> 
     </span>
     <span class='ocr_line' id='line_1_20' title="bbox 350 2036 2512 2129; baseline -0.006 -19"><span class='ocrx_word' id='word_1_151' title='bbox 350 2049 421 2110; x_wconf 83' lang='lat' dir='ltr'>in</span> <span class='ocrx_word' id='word_1_152' title='bbox 464 2047 537 2110; x_wconf 65' lang='lat' dir='ltr'>ea</span> <span class='ocrx_word' id='word_1_153' title='bbox 573 2045 902 2129; x_wconf 83' lang='lat' dir='ltr'>partitione</span> <span class='ocrx_word' id='word_1_154' title='bbox 951 2039 1177 2104; x_wconf 85' lang='lat' dir='ltr'>utilitas</span> <span class='ocrx_word' id='word_1_155' title='bbox 1219 2036 1605 2121; x_wconf 85' lang='lat' dir='ltr'>percipienda</span> <span class='ocrx_word' id='word_1_156' title='bbox 1652 2054 1729 2099; x_wconf 81' lang='lat' dir='ltr'>ex</span> <span class='ocrx_word' id='word_1_157' title='bbox 1779 2052 2152 2118; x_wconf 86' lang='lat' dir='ltr'>organorum</span> <span class='ocrx_word' id='word_1_158' title='bbox 2216 2038 2512 2101; x_wconf 82' lang='lat' dir='ltr'>sexualium</span> 
     </span>
     <span class='ocr_line' id='line_1_21' title="bbox 356 2132 2516 2222; baseline -0.006 -7"><span class='ocrx_word' id='word_1_159' title='bbox 356 2151 471 2215; x_wconf 77' lang='lat' dir='ltr'>{itu</span> <span class='ocrx_word' id='word_1_160' title='bbox 509 2164 614 2213; x_wconf 83' lang='lat' dir='ltr'>aut</span> <span class='ocrx_word' id='word_1_161' title='bbox 650 2165 950 2219; x_wconf 87' lang='lat' dir='ltr'>numero,</span> <span class='ocrx_word' id='word_1_162' title='bbox 985 2141 1132 2206; x_wconf 87' lang='lat' dir='ltr'>dum</span> <span class='ocrx_word' id='word_1_163' title='bbox 1167 2140 1230 2202; x_wconf 87' lang='lat' dir='ltr'>in</span> <span class='ocrx_word' id='word_1_164' title='bbox 1272 2136 1477 2201; x_wconf 83' lang='lat' dir='ltr'>iisdem</span> <span class='ocrx_word' id='word_1_165' title='bbox 1518 2135 1837 2201; x_wconf 81' lang='lat' dir='ltr'>ordinibus</span> <span class='ocrx_word' id='word_1_166' title='bbox 1871 2138 1939 2202; x_wconf 74' lang='grc' dir='ltr'>δι</span> <span class='ocrx_word' id='word_1_167' title='bbox 1977 2132 2282 2222; x_wconf 75' lang='lat' dir='ltr'>pr&#39;aecipue</span> <span class='ocrx_word' id='word_1_168' title='bbox 2318 2142 2373 2203; x_wconf 78' lang='lat' dir='ltr'>in</span> <span class='ocrx_word' id='word_1_169' title='bbox 2413 2138 2516 2202; x_wconf 83' lang='lat' dir='ltr'>Ro·</span> 
     </span>
     <span class='ocr_line' id='line_1_22' title="bbox 356 2239 2514 2325; baseline -0.006 -10"><span class='ocrx_word' id='word_1_170' title='bbox 356 2251 545 2318; x_wconf 77' lang='lat' dir='ltr'>faceis</span> <span class='ocrx_word' id='word_1_171' title='bbox 581 2260 954 2315; x_wconf 84' lang='lat' dir='ltr'>concurrunt</span> <span class='ocrx_word' id='word_1_172' title='bbox 989 2242 1240 2307; x_wconf 81' lang='lat' dir='ltr'>stamina</span> <span class='ocrx_word' id='word_1_173' title='bbox 1277 2240 1523 2306; x_wconf 79' lang='lat' dir='ltr'>definita</span> <span class='ocrx_word' id='word_1_174' title='bbox 1568 2256 1711 2306; x_wconf 79' lang='lat' dir='ltr'>cum</span> <span class='ocrx_word' id='word_1_175' title='bbox 1745 2239 2115 2317; x_wconf 81' lang='lat' dir='ltr'>indefinitis,</span> <span class='ocrx_word' id='word_1_176' title='bbox 2156 2260 2395 2325; x_wconf 80' lang='lat' dir='ltr'>germen</span> <span class='ocrx_word' id='word_1_177' title='bbox 2431 2240 2514 2303; x_wconf 85' lang='lat' dir='ltr'>su-</span> 
     </span>
     <span class='ocr_line' id='line_1_23' title="bbox 337 2341 2518 2442; baseline -0.007 -25"><span class='ocrx_word' id='word_1_178' title='bbox 337 2345 571 2442; x_wconf 73' lang='lat' dir='ltr'>perum</span> <span class='ocrx_word' id='word_1_179' title='bbox 617 2370 757 2416; x_wconf 89' lang='lat' dir='ltr'>cum</span> <span class='ocrx_word' id='word_1_180' title='bbox 805 2346 1050 2422; x_wconf 84' lang='lat' dir='ltr'>infero,</span> <span class='ocrx_word' id='word_1_181' title='bbox 1100 2364 1239 2409; x_wconf 88' lang='lat' dir='ltr'>cum</span> <span class='ocrx_word' id='word_1_182' title='bbox 1276 2341 1527 2424; x_wconf 83' lang='lat' dir='ltr'>fimplici</span> <span class='ocrx_word' id='word_1_183' title='bbox 1562 2341 1895 2426; x_wconf 79' lang='lat' dir='ltr'>multiplex</span> <span class='ocrx_word' id='word_1_184' title='bbox 1936 2341 2180 2407; x_wconf 81' lang='lat' dir='ltr'>Certius</span> <span class='ocrx_word' id='word_1_185' title='bbox 2222 2343 2283 2406; x_wconf 87' lang='lat' dir='ltr'>in</span> <span class='ocrx_word' id='word_1_186' title='bbox 2327 2343 2518 2407; x_wconf 77' lang='lat' dir='ltr'>intimo</span> 
     </span>
     <span class='ocr_line' id='line_1_24' title="bbox 359 2442 2524 2530; baseline -0.007 -7"><span class='ocrx_word' id='word_1_187' title='bbox 359 2457 580 2523; x_wconf 85' lang='lat' dir='ltr'>semine</span> <span class='ocrx_word' id='word_1_188' title='bbox 620 2454 765 2516; x_wconf 88' lang='lat' dir='ltr'>latet</span> <span class='ocrx_word' id='word_1_189' title='bbox 804 2446 1121 2511; x_wconf 78' lang='lat' dir='ltr'>divisionis</span> <span class='ocrx_word' id='word_1_190' title='bbox 1163 2443 1567 2529; x_wconf 86' lang='lat' dir='ltr'>primordium</span> <span class='ocrx_word' id='word_1_191' title='bbox 1602 2442 1725 2522; x_wconf 87' lang='lat' dir='ltr'>jam</span> <span class='ocrx_word' id='word_1_192' title='bbox 1765 2444 1987 2508; x_wconf 67' lang='lat' dir='ltr'>antea</span> <span class='ocrx_word' id='word_1_193' title='bbox 1972 2464 2033 2508; x_wconf 81' lang='lat' dir='ltr'>tn</span> <span class='ocrx_word' id='word_1_194' title='bbox 2068 2445 2464 2530; x_wconf 80' lang='lat' dir='ltr'>hypogynis</span> <span class='ocrx_word' id='word_1_195' title='bbox 2450 2463 2524 2507; x_wconf 84' lang='lat' dir='ltr'>m·</span> 
     </span>
     <span class='ocr_line' id='line_1_25' title="bbox 363 2543 2523 2642; baseline -0.009 -18"><span class='ocrx_word' id='word_1_196' title='bbox 363 2560 524 2642; x_wconf 69' lang='lat' dir='ltr'>{igne</span> <span class='ocrx_word' id='word_1_197' title='bbox 565 2556 630 2619; x_wconf 83' lang='lat'>&amp;</span> <span class='ocrx_word' id='word_1_198' title='bbox 676 2555 736 2616; x_wconf 93' lang='lat' dir='ltr'>in</span> <span class='ocrx_word' id='word_1_199' title='bbox 777 2548 1085 2636; x_wconf 86' lang='lat' dir='ltr'>perigynis</span> <span class='ocrx_word' id='word_1_200' title='bbox 1118 2566 1243 2610; x_wconf 90' lang='lat' dir='ltr'>non</span> <span class='ocrx_word' id='word_1_201' title='bbox 1282 2543 1751 2627; x_wconf 82' lang='lat' dir='ltr'>posthabendum</span> <span class='ocrx_word' id='word_1_202' title='bbox 1793 2565 1809 2606; x_wconf 76' lang='grc' dir='ltr'><strong><em>ε</em></strong></span> <span class='ocrx_word' id='word_1_203' title='bbox 1860 2546 1941 2607; x_wconf 79' lang='lat' dir='ltr'>stc</span> <span class='ocrx_word' id='word_1_204' title='bbox 1977 2547 2276 2610; x_wconf 89' lang='lat' dir='ltr'>ordiendo</span> <span class='ocrx_word' id='word_1_205' title='bbox 2311 2548 2348 2610; x_wconf 75' lang='grc' dir='ltr'>ἐι</span> <span class='ocrx_word' id='word_1_206' title='bbox 2378 2547 2523 2611; x_wconf 85' lang='lat' dir='ltr'>semi·</span> 
     </span>
    </p>
   </div>
   <div class='ocr_carea' id='block_1_5' title="bbox 251 2645 2526 2731">
    <p class='ocr_par' dir='ltr' id='par_1_6' title="bbox 251 2645 2526 2731">
     <span class='ocr_line' id='line_1_26' title="bbox 251 2645 2526 2731; baseline 0.008 -35"><span class='ocrx_word' id='word_1_207' title='bbox 251 2679 262 2696; x_wconf 56' lang='lat'><em>2</em></span> <span class='ocrx_word' id='word_1_208' title='bbox 361 2662 546 2724; x_wconf 63' lang='lat' dir='ltr'>„ibus</span> <span class='ocrx_word' id='word_1_209' title='bbox 591 2654 843 2720; x_wconf 71' lang='lat' dir='ltr'>corculo</span> <span class='ocrx_word' id='word_1_210' title='bbox 894 2653 1160 2716; x_wconf 87' lang='lat' dir='ltr'>incurvo</span> <span class='ocrx_word' id='word_1_211' title='bbox 1205 2647 1271 2708; x_wconf 76' lang='grc' dir='ltr'>δι</span> <span class='ocrx_word' id='word_1_212' title='bbox 1318 2645 1676 2729; x_wconf 87' lang='lat' dir='ltr'>perispermo</span> <span class='ocrx_word' id='word_1_213' title='bbox 1720 2663 1826 2711; x_wconf 89' lang='lat' dir='ltr'>aut</span> <span class='ocrx_word' id='word_1_214' title='bbox 1879 2663 2038 2731; x_wconf 76' lang='lat' dir='ltr'>typo</span> <span class='ocrx_word' id='word_1_215' title='bbox 2088 2647 2392 2716; x_wconf 76' lang='lat' dir='ltr'>farinacea</span> <span class='ocrx_word' id='word_1_216' title='bbox 2424 2647 2526 2713; x_wconf 76' lang='lat' dir='ltr'>ins·</span> 
     </span>
    </p>
   </div>
   <div class='ocr_carea' id='block_1_6' title="bbox 365 2746 2528 3078">
    <p class='ocr_par' dir='ltr' id='par_1_7' title="bbox 365 2746 2528 3066">
     <span class='ocr_line' id='line_1_27' title="bbox 366 2746 2528 2835; baseline -0.006 -9"><span class='ocrx_word' id='word_1_217' title='bbox 366 2762 578 2826; x_wconf 73' lang='lat' dir='ltr'>truffls</span> <span class='ocrx_word' id='word_1_218' title='bbox 612 2760 786 2822; x_wconf 86' lang='lat' dir='ltr'>datur</span> <span class='ocrx_word' id='word_1_219' title='bbox 831 2751 1134 2818; x_wconf 79' lang='lat' dir='ltr'>connexio</span> <span class='ocrx_word' id='word_1_220' title='bbox 1169 2768 1308 2813; x_wconf 90' lang='lat' dir='ltr'>cum</span> <span class='ocrx_word' id='word_1_221' title='bbox 1346 2746 1825 2831; x_wconf 75' lang='lat' dir='ltr'>Caryophyueis</span> <span class='ocrx_word' id='word_1_222' title='bbox 1872 2749 1934 2812; x_wconf 91' lang='lat' dir='ltr'>in</span> <span class='ocrx_word' id='word_1_223' title='bbox 1983 2752 2348 2835; x_wconf 79' lang='lat' dir='ltr'>praecedenti</span> <span class='ocrx_word' id='word_1_224' title='bbox 2382 2749 2528 2818; x_wconf 60' lang='grc' dir='ltr'>οἰκία</span> 
     </span>
     <span class='ocr_line' id='line_1_28' title="bbox 366 2849 2527 2939; baseline -0.007 -11"><span class='ocrx_word' id='word_1_225' title='bbox 366 2863 599 2928; x_wconf 86' lang='lat' dir='ltr'>ultimis</span> <span class='ocrx_word' id='word_1_226' title='bbox 622 2861 686 2922; x_wconf 77' lang='grc' dir='ltr'>δι</span> <span class='ocrx_word' id='word_1_227' title='bbox 710 2868 1066 2939; x_wconf 88' lang='lat' dir='ltr'>comparent</span> <span class='ocrx_word' id='word_1_228' title='bbox 1090 2853 1200 2914; x_wconf 91' lang='lat' dir='ltr'>suo</span> <span class='ocrx_word' id='word_1_229' title='bbox 1238 2849 1452 2913; x_wconf 84' lang='lat' dir='ltr'>ordine</span> <span class='ocrx_word' id='word_1_230' title='bbox 1472 2849 1934 2933; x_wconf 81' lang='lat' dir='ltr'>Sempervivae,</span> <span class='ocrx_word' id='word_1_231' title='bbox 1972 2851 2331 2937; x_wconf 79' lang='lat' dir='ltr'>Saxifragae,</span> <span class='ocrx_word' id='word_1_232' title='bbox 2350 2852 2527 2919; x_wconf 72' lang='lat' dir='ltr'>enai</span> 
     </span>
     <span class='ocr_line' id='line_1_29' title="bbox 365 2951 2521 3078; baseline -0.005 -50"><span class='ocrx_word' id='word_1_233' title='bbox 365 2961 776 3078; x_wconf 64' lang='lat' dir='ltr'>qutulaceae‚</span> <span class='ocrx_word' id='word_1_234' title='bbox 801 2958 1123 3021; x_wconf 79' lang='lat' dir='ltr'>Ficoideae.</span> <span class='ocrx_word' id='word_1_235' title='bbox 1153 2951 1437 3016; x_wconf 75' lang='lat' dir='ltr'>Proxime</span> <span class='ocrx_word' id='word_1_236' title='bbox 1478 2952 1693 3014; x_wconf 89' lang='lat' dir='ltr'>instant</span> <span class='ocrx_word' id='word_1_237' title='bbox 1718 2951 1938 3016; x_wconf 87' lang='lat' dir='ltr'>semina</span> <span class='ocrx_word' id='word_1_238' title='bbox 1975 2953 2348 3037; x_wconf 87' lang='lat' dir='ltr'>perispermo</span> <span class='ocrx_word' id='word_1_239' title='bbox 2374 2953 2521 3019; x_wconf 82' lang='lat' dir='ltr'>desti·</span> 
     </span>
    </p>
   </div>
   <div class='ocr_carea' id='block_1_7' title="bbox 235 3054 2525 3144">
    <p class='ocr_par' dir='ltr' id='par_1_8' title="bbox 235 3054 2525 3144">
     <span class='ocr_line' id='line_1_30' title="bbox 235 3054 2525 3144; baseline 0.002 -32"><span class='ocrx_word' id='word_1_240' title='bbox 235 3106 312 3144; x_wconf 90' lang='lat'>·.</span> <span class='ocrx_word' id='word_1_241' title='bbox 367 3080 502 3129; x_wconf 85' lang='lat' dir='ltr'>tuta</span> <span class='ocrx_word' id='word_1_242' title='bbox 555 3065 618 3125; x_wconf 76' lang='lat' dir='ltr'>in</span> <span class='ocrx_word' id='word_1_243' title='bbox 665 3062 972 3143; x_wconf 76' lang='lat' dir='ltr'>onagris,</span> <span class='ocrx_word' id='word_1_244' title='bbox 1014 3056 1304 3140; x_wconf 78' lang='lat' dir='ltr'>Myrtis,</span> <span class='ocrx_word' id='word_1_245' title='bbox 1368 3054 1778 3133; x_wconf 84' lang='lat' dir='ltr'>Melastomis,</span> <span class='ocrx_word' id='word_1_246' title='bbox 1830 3054 2166 3136; x_wconf 83' lang='lat' dir='ltr'>Salicariis,</span> <span class='ocrx_word' id='word_1_247' title='bbox 2223 3058 2525 3127; x_wconf 74' lang='lat' dir='ltr'>Rosaceit.</span> 
     </span>
    </p>
   </div>
   <div class='ocr_carea' id='block_1_8' title="bbox 363 3156 2529 3530">
    <p class='ocr_par' dir='ltr' id='par_1_9' title="bbox 363 3156 2529 3452">
     <span class='ocr_line' id='line_1_31' title="bbox 371 3156 2529 3248; baseline -0.004 -18"><span class='ocrx_word' id='word_1_248' title='bbox 371 3163 784 3248; x_wconf 82' lang='lat' dir='ltr'>Leguminofis</span> <span class='ocrx_word' id='word_1_249' title='bbox 824 3163 889 3225; x_wconf 76' lang='grc' dir='ltr'>δι</span> <span class='ocrx_word' id='word_1_250' title='bbox 929 3158 1409 3224; x_wconf 85' lang='lat' dir='ltr'>Terebintaceis.</span> <span class='ocrx_word' id='word_1_251' title='bbox 1447 3157 1738 3221; x_wconf 85' lang='lat' dir='ltr'>Postremi</span> <span class='ocrx_word' id='word_1_252' title='bbox 1783 3157 2080 3240; x_wconf 78' lang='lat' dir='ltr'>prodeunt</span> <span class='ocrx_word' id='word_1_253' title='bbox 2111 3159 2372 3228; x_wconf 83' lang='lat' dir='ltr'>Rhamni</span> <span class='ocrx_word' id='word_1_254' title='bbox 2394 3156 2529 3241; x_wconf 68' lang='lat' dir='ltr'>poi·</span> 
     </span>
     <span class='ocr_line' id='line_1_32' title="bbox 363 3256 2527 3350; baseline -0.006 -19"><span class='ocrx_word' id='word_1_255' title='bbox 363 3268 613 3348; x_wconf 58' lang='lat' dir='ltr'>„spermo</span> <span class='ocrx_word' id='word_1_256' title='bbox 670 3262 927 3348; x_wconf 79' lang='lat' dir='ltr'>carnoso</span> <span class='ocrx_word' id='word_1_257' title='bbox 968 3263 1007 3325; x_wconf 69' lang='lat' dir='ltr'>a</span> <span class='ocrx_word' id='word_1_258' title='bbox 1055 3259 1531 3350; x_wconf 70' lang='lat' dir='ltr'>praecedentibus</span> <span class='ocrx_word' id='word_1_259' title='bbox 1573 3259 1795 3324; x_wconf 82' lang='lat' dir='ltr'>diverfi</span> <span class='ocrx_word' id='word_1_260' title='bbox 1844 3260 1909 3323; x_wconf 85' lang='lat'>&amp;</span> <span class='ocrx_word' id='word_1_261' title='bbox 1950 3260 2321 3345; x_wconf 73' lang='lat' dir='ltr'>Euphorbiis</span> <span class='ocrx_word' id='word_1_262' title='bbox 2360 3259 2421 3323; x_wconf 81' lang='lat' dir='ltr'>in</span> <span class='ocrx_word' id='word_1_263' title='bbox 2455 3256 2527 3319; x_wconf 74' lang='lat' dir='ltr'>se·</span> 
     </span>
     <span class='ocr_line' id='line_1_33' title="bbox 377 3363 1422 3452; baseline -0.01 -16"><span class='ocrx_word' id='word_1_264' title='bbox 377 3367 582 3452; x_wconf 82' lang='lat' dir='ltr'>quenti</span> <span class='ocrx_word' id='word_1_265' title='bbox 625 3366 793 3434; x_wconf 83' lang='lat' dir='ltr'>claffe</span> <span class='ocrx_word' id='word_1_266' title='bbox 825 3364 1036 3449; x_wconf 87' lang='lat' dir='ltr'>primis</span> <span class='ocrx_word' id='word_1_267' title='bbox 1067 3363 1422 3430; x_wconf 74' lang='lat' dir='ltr'>subsimiles.</span> 
     </span>
    </p>

    <p class='ocr_par' dir='ltr' id='par_1_10' title="bbox 506 3499 536 3530">
     <span class='ocr_line' id='line_1_34' title="bbox 506 3499 536 3530; baseline 0 0"><span class='ocrx_word' id='word_1_268' title='bbox 506 3499 536 3530; x_wconf 67' lang='grc' dir='ltr'>Ο</span> 
     </span>
    </p>
   </div>
   <div class='ocr_carea' id='block_1_9' title="bbox 1320 3559 1643 3711">
    <p class='ocr_par' dir='ltr' id='par_1_11' title="bbox 1320 3559 1643 3711">
     <span class='ocr_line' id='line_1_35' title="bbox 1320 3559 1643 3711; baseline 0.009 -3"><span class='ocrx_word' id='word_1_269' title='bbox 1320 3559 1643 3711; x_wconf 52' lang='lat' dir='ltr'>³2³2..ae</span> 
     </span>
    </p>
   </div>
   <div class='ocr_carea' id='block_1_10' title="bbox 1604 3933 1811 4020">
    <p class='ocr_par' dir='ltr' id='par_1_12' title="bbox 1604 3933 1811 4020">
     <span class='ocr_line' id='line_1_36' title="bbox 1790 3933 1811 3967; baseline 0 0"><span class='ocrx_word' id='word_1_270' title='bbox 1790 3933 1811 3967; x_wconf 60' lang='grc' dir='ltr'><strong>θ</strong></span> 
     </span>
     <span class='ocr_line' id='line_1_37' title="bbox 1604 3979 1660 4020; baseline 0 0"><span class='ocrx_word' id='word_1_271' title='bbox 1604 3979 1660 4020; x_wconf 55' lang='grc' dir='ltr'>’Ἢ</span> 
     </span>
    </p>
   </div>
  </div>
 </body>
</html>
