2646 4292
2095 142 2288 235 xxvij
2351 238 2354 241 Ι

109 281 467 357 tifioetionis
503 288 837 376 praestantia
881 288 1044 354 veris
1081 287 1343 351 innotuit
1376 283 1712 358 Botanicis,
1755 283 2012 365 singulus
2054 280 2166 344 suo
2197 299 2293 343 ar·

108 392 339 455 biti-atu
387 411 616 477 partem
656 395 719 456 in
763 394 836 457 ed
886 388 1349 455 manifestiorem
1390 401 1492 449 aut
1534 386 1855 469 praecipuis
1897 378 2330 445 cara&eribus'

111 492 584 577 multiplicandis
625 494 917 579 aptiorem
970 494 1169 574 elegit.
1216 489 1489 554 Sexubus
1528 485 1797 549 nondum
1840 485 2093 565 cognitis
2121 530 2140 557 ‚
2188 484 2290 545 alii

106 590 416 668 (rufium,
464 595 569 657 alii
618 595 864 659 calicem
891 640 909 669 ‚
970 594 1071 656 alii
1115 591 1409 655 corollam
1452 586 1838 673 praeposuese
1872 630 1894 657 ,
1949 585 2059 647 suo
2106 586 2288 649 modo

105 695 581 778 superstruentes
628 699 954 782 unicuique
999 694 1351 759 methodum
1396 690 1567 756 varie
1618 688 1952 772 dispositam
2007 706 2081 749 ac
2139 684 2287 749 vere

106 798 571 881 systematicam.

179 898 437 966 Utilitas
475 902 742 967 methodi
776 920 845 967 ea
875 900 957 967 est
992 917 1061 966 ut
1095 917 1309 984 genera
1339 898 1559 981 species
1588 895 1804 960 similes
1836 887 2292 969 conneEientia,

108 1002 172 1067 in
191 1001 488 1069 seffiones
511 1005 673 1070 notis
706 1008 1066 1071 secundariis
1102 1007 1425 1087 defignatas
1461 1010 1830 1077 convocata,
1863 996 2112 1061 ulterius
2136 1016 2281 1060 con·

110 1121 345 1186 gregata
390 1105 456 1168 in
498 1106 697 1169 claffes
731 1129 807 1171 ex
844 1099 1149 1171 nonnullis
1190 1107 1552 1169 seffionibus
1593 1102 1953 1185 compositas
1992 1102 2277 1182 signoque

109 1201 379 1269 definitas
425 1208 722 1291 primario
766 1228 836 1272 ac
875 1209 1265 1293 simpliciori,
1311 1204 1708 1270 ordinationis
1756 1204 1933 1284 hujus
1980 1202 2274 1267 beneficio

112 1304 281 1370 facile
298 1308 728 1391 dignoscantur
750 1313 892 1375 dato
909 1312 1202 1376 carafilere
1221 1357 1240 1383 ,
1262 1310 1328 1373 &
1352 1309 1757 1372 incunEianter
1773 1307 2013 1370 nomine
2030 1305 2278 1388 proprio

113 1405 454 1473 salutentur.
492 1408 590 1474 Sic
624 1412 877 1496 quilibet
910 1413 968 1474 in
1005 1413 1271 1476 exercitu
1305 1413 1476 1474 miles
1504 1428 1649 1473 mox
1669 1410 1992 1491 reperitur,
2026 1408 2285 1488 cognitis

114 1504 284 1590 hujus
322 1511 565 1595 legione
614 1514 680 1577 δι
724 1513 922 1577 turma
971 1516 1035 1577 δι
1091 1514 1400 1597 manipulo
1454 1515 1518 1576 δι
1578 1510 1995 1574 contubernio.
2039 1508 2152 1570 Sed
2193 1528 2283 1570 eae

118 1609 445 1690 plantarum
513 1615 959 1678 distributiones
1032 1613 1393 1677 methodicae
1461 1614 1521 1674 in
1591 1611 1820 1673 tantum
1884 1610 2090 1671 valent
2134 1655 2153 1682 ‚
2219 1608 2282 1671 in

115 1718 390 1796 qmntitm
430 1720 725 1783 naturales
745 1720 808 1782 δι
837 1704 1040 1782 faciles
1070 1718 1132 1782 &
1156 1717 1488 1781 uniformes
1517 1717 1807 1778 habentur
1832 1733 1852 1771 z
1872 1727 1944 1775 10.
1966 1711 2096 1794 Qui
2122 1711 2282 1773 enim

116 1814 341 1884 itaturae
377 1818 582 1884 sedulo
639 1839 851 1905 parent
898 1821 1169 1884 Botanici
1227 1821 1288 1882 in
1343 1820 1796 1881 individuorum
1846 1816 1910 1878 &
1955 1812 2283 1895 specierum

116 1920 492 1984 connexione
512 1968 532 1997 ‚
578 1923 654 1985 ab
694 1924 766 1986 ea
807 1906 1056 1985 nimium
1092 1924 1371 1987 recedere
1396 1922 1747 1995 erubescunt
1779 1920 1836 1981 in
1870 1935 2151 2000 generum
2179 1934 2282 1996 προ

117 2023 555 2103 proximatione
576 2070 594 2100 ,
624 2044 884 2107 quorum
923 2025 1135 2087 dantur
1168 2024 1442 2106 plurimae
1466 2022 1648 2085 series
1679 2021 1949 2103 apprime
1987 2019 2284 2081 naturales

118 2121 393 2187 omnibus
430 2118 839 2211 acceptiffimae
870 2175 889 2204 ,
931 2125 1063 2188 aliis
1101 2126 1316 2188 ordines
1349 2122 1621 2188 naturales
1643 2170 1663 2199 ‚
1690 2120 1826 2185 aliis
1845 2120 2147 2204 fragmenta
2178 2143 2281 2181 na-

122 2225 309 2285 turalia
351 2227 538 2290 distae.
589 2227 817 2290 Harum
856 2225 1171 2296 nonnullas
1216 2226 1533 2308 methodus
1571 2223 1853 2306 quaelibet
1888 2223 2089 2287 servat
2128 2221 2281 2284 indi-

119 2323 265 2387 visas
288 2370 309 2399 ,
340 2325 423 2390 εὸ
452 2324 766 2409 perfefflor
804 2326 1005 2391 habita
1041 2328 1227 2390 tacito
1259 2343 1487 2389 naturae
1528 2317 1717 2406 jussu,
1763 2325 1885 2407 quo
1925 2323 2124 2406 plures
2170 2323 2282 2385 ad-

123 2428 352 2493 miserit.
410 2444 499 2492 20.
554 2429 950 2512 Explanandae
996 2447 1193 2493 tamen
1245 2429 1507 2491 scientiae
1561 2425 1854 2510 studiique
1892 2425 2282 2489 contrahendi

126 2531 334 2613 cupido
378 2531 771 2596 Methodicos
813 2534 851 2594 a
891 2531 1103 2596 natura
1139 2532 1295 2614 saepe
1343 2532 1697 2613 detorquet,
1736 2528 2007 2591 notitiam
2050 2526 2284 2588 facilem

125 2631 527 2696 miversaliori
559 2625 1002 2718 praeponentes,
1034 2636 1250 2718 quibus
1284 2634 1544 2716 plantam
1572 2631 1896 2715 praesertim
1925 2628 2283 2705 nominasse,

126 2733 311 2797 minus
344 2755 421 2798 ex
458 2725 694 2816 integro
722 2735 956 2798 novifl'e
981 2736 1218 2819 expedit
1255 2757 1271 2794 ε
1314 2735 1452 2798 inde
1489 2753 1698 2796 omnes
1733 2732 2117 2814 requiruntur
2158 2729 2284 2811 syl:-

119 2836 338 2899 tematis
378 2833 708 2899 divisiones
740 2854 863 2898 non
898 2836 1160 2899 confusae
1198 2855 1307 2898 nec
1342 2835 1672 2917 ambiguae,
1707 2833 1807 2896 sed
1850 2832 2277 2896 distinaiffimae

121 2933 176 2995 δι
208 2934 537 3018 perspicuae
571 2937 633 2999 δι
669 2937 968 3001 ἰηῐεΠεὲὶιι
1009 2935 1241 3014 faciles,
1267 2936 1441 3019 signis
1465 2933 1780 2999 manifestis
1801 2933 1864 2996 δι
1886 2934 2286 2997 constantibus

124 3035 343 3101 innixae.
398 3056 486 3120 30.
530 3037 749 3122 Aliqua
796 3038 1039 3121 insuper
1091 3038 1218 3102 laus
1256 3037 1542 3102 tribuitur
1596 3038 1894 3120 systemati
1935 3037 2105 3117 cujus
2151 3039 2283 3120 pri·

121 3139 314 3201 mariae
345 3159 559 3202 omnes
600 3161 677 3203 ex
718 3140 931 3204 eodem
975 3159 1205 3221 organo
1244 3139 1311 3202 δι
1345 3138 1699 3209 secundariae
1748 3158 1824 3201 ex
1868 3137 2061 3200 altero
2113 3138 2281 3199 divi-
2357 3209 2368 3228 ,

123 3237 300 3303 {iones
333 3260 633 3306 eruuntur
661 3243 747 3305 ita
772 3242 1234 3326 circumscriptae
1259 3263 1331 3304 ac
1360 3243 1560 3305 solidae
1579 3286 1599 3313 ,
1630 3258 1698 3306 ut
1722 3261 1846 3305 uno
1881 3241 2041 3323 quasi
2071 3256 2284 3303 tenore

88 3339 443 3422 „diffluentes
492 3344 558 3407 δι
597 3347 891 3428 expeditae
913 3393 932 3423 ‚
969 3345 1396 3429 ‘exceptionem
1456 3344 1789 3408 nullatenus
1842 3362 1946 3406 aut
2002 3340 2279 3405 rariffime

120 3445 434 3510 admittant.
698 3464 704 3470 ·
2077 3461 2082 3468 ·

121 3748 364 3809 chronici
399 3749 433 3808 a
469 3767 717 3821 tempore
750 3745 991 3805 'florendi
1021 3789 1041 3816 ,
1071 3741 1390 3836 ,Topoplzili
1426 3742 1459 3802 ὲ
1493 3743 1621 3802 loco
1660 3739 1825 3799 natali
1851 3786 1867 3812 ‚
1891 3733 2178 3832 ‘Empirici
2207 3736 2280 3795 ab

118 3843 203 3903 usn
242 3846 499 3918 medico,
545 3841 865 3938 Seplefiarii
904 3843 937 3904 ὲ
975 3841 1524 3916 pharmacopoeomm
1565 3835 1932 3908 dispolitione.
1965 3834 2120 3895 Phil.
2149 3832 2284 3894 Bor.

115 3962 391 4018 ⁸·25-31·
