2646 4292
2158 163 2299 223 XXV

114 275 293 336 alteri
337 279 558 339 nomini
604 277 922 339 conforme
957 291 1060 338 aut
1091 274 1569 358 comparativum
1605 303 1654 339 a.
1696 277 1934 342 Nomen
1967 270 2306 361 specificum

121 375 207 436 fit
233 377 443 458 pariter
474 377 721 458 simplex
756 396 826 438 ac
861 374 1075 445 facile,
1116 375 1211 436 sed
1256 378 1542 456 praeterea
1587 376 1915 457 significans
1945 426 1964 453 ,
2003 380 2304 461 praecipue

118 473 545 538 desumendum
591 496 670 538 ex
707 475 904 537 solido
939 475 1230 539 carafiiere
1266 474 1516 556 speciem
1555 475 1589 536 a
1640 479 2307 557 congeneribusdistin·

115 593 337 653 guente
362 579 429 639 &
467 594 613 639 tunc
663 577 813 638 vere
830 576 1132 658 specificam
1163 576 1189 617 ὁ
1215 623 1237 650 ,
1268 592 1371 638 aut
1395 596 1474 639 eo
1515 576 1829 640 deficiente
1862 578 2099 639 interim
2124 580 2308 642 unde·

118 676 355 757 quaque
390 676 750 738 eliciendum
773 721 793 751 ,
828 677 1042 758 nempe
1081 696 1158 738 ex
1195 675 1366 747 solo,
1402 680 1676 758 regione,
1717 678 2094 760 tempestate,
2131 679 2306 740 dura—

116 778 309 852 tione,
322 777 570 854 colo‘re‚
585 778 797 860 sapore
812 828 831 854 ,
845 778 1064 854 odore,
1085 776 1194 841 usu
1212 778 1328 841 ἃς.
1343 824 1363 854 ,
1381 796 1521 842 tunc
1539 780 1795 842 deterius
1811 780 2024 840 triviale
2038 778 2303 840 dicium&

194 877 539 961 Descriptio
592 880 694 942 vel
756 879 839 942 est
904 881 1165 962 partialis
1226 882 1326 942 vel
1390 881 1772 944 universalis·
1800 902 1815 940 ε
1866 882 1996 943 haec
2054 881 2301 962 propria

116 976 559 1061 Monographis
579 982 816 1043 unicam
849 981 1107 1064 plantam
1131 981 1601 1046 describentibus
1626 1003 1730 1045 aur
1752 982 2296 1065 peregrinatoribus

118 1079 192 1141 de
218 1082 554 1161 vegetantis
584 1082 865 1144 haetenus
900 1083 1190 1162 incogniti
1234 1101 1448 1163 genere
1498 1084 1738 1145 incertis
1764 1130 1782 1159 ‚
1817 1083 2067 1164 singulas
2092 1084 2295 1145 nomi·-

120 1184 303 1243 natim
321 1183 594 1245 recenset
626 1200 825 1265 partes
864 1182 1077 1244 ordine
1102 1182 1387 1245 uniformi
1423 1185 1540 1264 (ne
1571 1186 1838 1265 quaedam
1861 1184 2296 1265 omittantur),

119 1280 331 1363 nempe
364 1284 632 1345 radicem
653 1330 672 1357 ,
716 1284 942 1345 caulem
965 1329 983 1359 ‚
1019 1281 1163 1345 solia
1194 1330 1214 1359 ,
1265 1284 1762 1347 inflorescentiam
1790 1330 1808 1360 ,
1857 1286 2099 1347 calicem
2123 1331 2142 1359 ,
2180 1304 2298 1345 co-

98 1382 372 1457 ‚rollam,
417 1386 707 1461 stamina,
756 1385 1031 1469 pistillum
1069 1430 1089 1459 ‚
1141 1384 1394 1449 fructum
1438 1387 1500 1447 δι
1541 1388 1796 1461 semina,
1835 1388 2049 1469 easque
2089 1403 2297 1447 omnes

122 1482 351 1545 ratione
384 1484 752 1560 existentiae,
787 1486 963 1562 sinis,
1007 1487 1287 1558 numeri,
1327 1476 1763 1563 connexionis,
1800 1488 2006 1568 figurae
2047 1486 2110 1547 δι
2148 1507 2296 1567 pro·

122 1585 417 1662 portionis
439 1632 461 1663 ,
496 1586 714 1648 additis
755 1587 989 1670 insuper
1034 1588 1238 1651 habitu
1263 1636 1282 1663 ,
1330 1590 1518 1669 patria
1543 1638 1562 1665 ‚
1602 1590 1733 1650 solo
1757 1635 1777 1664 ,
1817 1587 2141 1649 vernaculo
2177 1605 2299 1649 no·-

122 1685 279 1747 mine
314 1686 380 1745 &
426 1685 551 1747 usu.
598 1686 945 1770 Descriptio
985 1690 1250 1769 partialis
1287 1690 1562 1753 usitatior
1600 1688 1785 1750 altera
1823 1689 2167 1768 generiem,
2211 1687 2302 1748 al-

120 1804 242 1848 tera
280 1786 601 1869 specificos
647 1789 905 1852 delineat
943 1790 1260 1854 cara&eres
1292 1792 1509 1853 eodem
1539 1790 1782 1863 ordine,
1820 1807 1973 1849 nunc
2005 1789 2301 1867 prolixior

121 1888 181 1946 in
228 1889 724 1952 dissertationibus
759 1890 824 1950 δι.
862 1893 1301 1974 phytographia
1344 1891 1620 1973 partiali,
1659 1909 1818 1951 nunc
1871 1890 1929 1948 in
1977 1887 2300 1950 universali

119 1988 483 2050 contraffior
507 1989 796 2051 diffimilia
833 1991 1065 2055 tantum
1102 1991 1411 2074 proferens
1445 1993 1604 2072 signa
1639 1992 1938 2072 praecipua
1962 2036 1980 2064 ,
2011 1990 2201 2071 qualis
2235 1991 2300 2051 in

119 2090 429 2169 nuperiori
469 2089 796 2155 Linnaeano
842 2092 1159 2174 systemate
1196 2093 1449 2156 habetur
1480 2110 1764 2174 generum
1809 2089 2186 2154 adumbratio
2230 2089 2298 2152 &

118 2191 506 2273 descriptoria
546 2192 769 2274 phrasis
797 2194 1079 2276 specifico
1114 2196 1340 2255 nomini
1379 2194 1619 2273 adjecia.
1651 2193 1755 2255 Eae
1792 2210 1988 2254 autem
2017 2211 2297 2273 compen-

120 2292 300 2356 diosae
324 2295 755 2357 Botanicorum
786 2294 1213 2377 descriptiones
1235 2295 1390 2378 saepe
1427 2311 1674 2376 peccant
1698 2315 1896 2375 pravo
1926 2294 2288 2355 carasterum

118 2393 379 2469 delean,
419 2395 806 2465 effentialium
845 2397 1156 2459 omissione
1178 2441 1198 2469 ‚
1239 2396 1738 2475 comparabilium
1773 2393 1995 2455 defectu
2018 2438 2040 2463 ,
2078 2394 2299 2455 indica-

118 2493 281 2555 tione
320 2514 445 2556 non
487 2496 837 2570 sufficienti,
879 2516 1027 2577 quas
1056 2498 1234 2576 igitur
1260 2496 1476 2558 iterum
1522 2511 1700 2576 atque
1732 2494 1949 2556 iterum
1989 2493 2299 2556 reconcin-

119 2614 261 2657 nare
300 2615 462 2677 opus
500 2597 601 2659 est.
635 2598 750 2659 His
793 2598 1154 2677 subjicienda
1196 2595 1329 2659 sunt
1366 2615 1492 2658 non
1530 2596 1649 2658 sme
1691 2597 2100 2659 emolumento
2127 2593 2303 2675 syno-

118 2721 281 2779 nyma
302 2699 404 2762 seu
426 2698 659 2761 diversa
685 2702 933 2764 nomina
962 2701 1038 2761 ab
1059 2699 1394 2761 Autoribus
1416 2696 1717 2779 praecipue
1737 2696 2034 2777 primariis
2057 2686 2085 2727 ‘³
2106 2695 2301 2755 eidem
2363 2727 2366 2730 >

181 2982 211 3009 ‘
243 2976 505 3034 Nomina
544 2977 909 3046 comparativa
944 2976 1051 3035 alia
1086 2972 1349 3047 syllabam
1375 2976 1705 3048 praemittuqt
1746 2973 1792 3040 ,'
1824 2990 1884 3032 ut
1920 2969 2285 3048 Linagrostis,

115 3069 639 3146 Pseudodiflamnus
660 3116 678 3141 ,
725 3069 1142 3147 Chamacerafics
1183 3066 1283 3129 &a
1311 3118 1330 3142 ‚
1379 3071 1487 3129 alia
1527 3067 1780 3128 eamdem
1820 3065 2148 3141 postponunt
2173 3112 2191 3139 ,
2235 3083 2298 3124 ut

112 3166 426 3241 Assem‘ides
468 3211 486 3236 ‚
548 3164 967 3246 Plautaginella
1003 3210 1027 3242 ,
1078 3154 1385 3252 Mynillus
1418 3212 1440 3238 ,
1500 3163 1785 3227 Salicaria
1817 3210 1841 3235 ‚
1899 3163 2259 3243 Alfinastrum
2282 3216 2305 3243 ‚

116 3262 367 3340 qucago
402 3260 502 3322 &a

84 3387 93 3394 ·
193 3351 216 3392 ⁶
248 3362 335 3419 Ut
368 3362 623 3419 Fumatia
661 3359 951 3435 veficaria‚
988 3359 1241 3418 fumaria
1278 3356 1498 3435 bulbofit
1519 3405 1539 3430 ,
1586 3358 1786 3432 Pyrola
1825 3355 2123 3434 umbellam
2147 3357 2300 3427 ‚Py-
2365 3349 2372 3358 ’

109 3456 223 3528 ruia
252 3454 494 3537 mussera
514 3502 532 3527 ,
575 3456 865 3515 Hordeum
910 3454 1186 3530 distichum
1207 3500 1226 3526 ,
1268 3454 1553 3513 Hordeum
1605 3453 1990 3528 hexasticham.

180 3573 199 3598 ί
236 3558 319 3612 Ut
348 3554 626 3614 veronica
658 3550 899 3627 arvenfis
921 3590 944 3625 ,
995 3554 1295 3626 Erynghtm
1327 3552 1658 3607 maritimum
1675 3598 1693 3624 ,
1721 3554 1924 3610 Circaea
1950 3549 2249 3608 Lutetiam:
2275 3595 2294 3619 ,

119 3655 417 3710 Leucorum
454 3670 677 3709 vernum
706 3694 725 3718 ‚
766 3653 864 3707 Iva
906 3669 1134 3716 annua,
1179 3651 1423 3707 Lamiam
1467 3647 1650 3705 album
1695 3694 1712 3719 ,
1755 3645 1984 3704 Mentha
2023 3647 2292 3720 piperita,

114 3747 273 3804 viola
313 3749 551 3805 odorata
574 3791 597 3820 ,
658 3741 914 3805 Anchusa
961 3743 1250 3821 officinalis
1273 3790 1294 3815 ,
1356 3747 1599 3802 Satutc't'a
1649 3740 1907 3817 honenfis
1931 3784 1954 3807 ,
1998 3745 2296 3814 Myagrum

106 3839 382 3918 sativum,
424 3841 710 3901 Pastinaca
744 3840 1012 3900 oleraceo.
1126 3833 1146 3864 ’

182 3934 210 3974 ἃ
252 3940 374 4023 Qui
413 3939 468 4002 in
496 3943 769 4011 Amorum
803 3939 1109 4013 prolatione
1132 3940 1431 4014 praecipuos
1456 3954 1549 3997 aut
1573 3937 1729 3996 utiles
1754 3935 2022 4009 quossibet
2047 3927 2296 3991 conscius
2335 3943 2340 3962 ¹
