2646 4292
885 117 1575 228 fluorum·
2093 120 2225 216 283

166 253 325 340 ‚0⁸⁸'
365 259 586 319 Ordinis
623 260 861 320 carafler
893 258 1068 320 facilis
1106 269 1158 319 δε
1200 258 1417 321 habitus
1456 260 1740 335 proprius,
1778 261 1926 322 idem
1965 279 2146 323 tamen
2180 264 2239 321 iu

133 330 232 388 ficu
264 340 313 391 &
353 339 654 406 Artocarpo
694 343 746 391 &
785 334 1176 409 congeneribus
1218 335 1412 408 quibus
1451 336 1634 395 fimilis
1674 334 1932 396 foliorum
1979 345 2032 395 δι
2070 337 2240 409 stipu-

131 402 270 463 larum
309 405 592 479 dispolitio.
632 407 733 465 Sed
773 409 829 468 in
865 407 950 467 his
991 409 1388 479 receptaculum
1438 430 1729 472 commune
1772 412 1996 472 floribus
2039 430 2243 470 mono-

129 484 263 547 gynis
301 482 513 553 apetalis
550 480 831 556 obtegitur
864 525 886 549 ,
921 486 976 540 in
1017 483 1113 541 illo
1153 483 1488 555 germinibus
1536 483 1830 545 numerofis
1872 484 2012 544 intra
2051 487 2242 543 florem

131 553 314 621 unicum
353 555 737 627 polypetalurn.
771 555 1063 629 Magnoliae
1104 560 1288 628 utpote
1322 558 1613 631 polygynae
1647 565 1702 616 &
1738 557 2080 617 alternifoliae
2111 555 2244 615 hinc

131 625 388 687 Malvaceis
459 629 617 686 ariter
646 626 943 702 stipulaccis
959 672 979 699 ‚
1013 628 1136 692 inde
1160 632 1367 690 Anonis
1393 629 1656 692 accedunt
1672 678 1691 706 ,
1715 632 1787 692 ab
1810 631 2048 707 utrisque
2061 650 2243 691 tamen

129 701 312 760 corculo
350 701 401 761 d·
430 721 725 775 crepantes,

701 985 1181 1107 ‘ORDO
1280 1033 1580 1111 XVI.

432 1214 961 1291 ANONAE,
1041 1145 1272 1282 L*ES
1350 1214 1991 1284 ΑΝΟΝΕδ.ν

127 1357 443 1468 CAle
509 1389 745 1465 brevis
792 1391 1092 1466 trilobus
1136 1390 1518 1491 persistens.
1564 1389 1804 1466 Petala
1845 1386 1959 1462 sex
1992 1449 2010 1478 ,
2062 1415 2253 1491 quo-

127 1506 259 1555 rum
301 1488 438 1559 tria
469 1491 818 1562 exteriora
860 1489 1151 1562 calicem
1194 1493 1601 1562 interiorem
1644 1488 2065 1563 aemulantia.
2107 1487 2256 1564 Sta-

128 1583 298 1655 mina
358 1585 782 1675 numerosa,
842 1585 1148 1662 antheris
1205 1581 1668 1662 subseffilibus
1731 1583 2255 1683 receptaculum

126 1673 331 1751 hemis
368 1677 706 1753 haericum
785 1680 1280 1780 obtegentibus
1313 1739 1335 1771 ,
1406 1679 1712 1755 subterra
1761 1681 1916 1756 oni's
1964 1738 1987 1769 ‚
2053 1683 2253 1778 apice

123 1770 325 1846 latiori
379 1802 482 1849 us,
526 1777 868 1852 Germina
900 1774 1311 1865 numerosa,
1358 1798 1722 1875 receptacu
1756 1802 1804 1848 o
1834 1774 2073 1848 medio
2114 1779 2255 1847 im-

121 1868 318 1963 pofita
363 1930 386 1961 ,
469 1867 971 1948 confertiffima
1008 1933 1031 1966 ,
1107 1877 1230 1948 vix
1295 1872 1390 1947 ab
1442 1873 1747 1948 antheris
1801 1870 2120 1958 distincta
2170 1873 2269 1945 &-

124 1962 335 2039 iisdem
392 1966 592 2079 quali
663 1969 993 2053 obtectu
1056 1970 1111 2043 st
1163 1970 1213 2041 li
1268 1970 1568 2044 totidem
1622 1969 1868 2041 breves
1918 1990 2039 2043 aut
2091 1965 2256 2039 sub-

125 2062 317 2145 nulli3
366 2063 696 2163 stigmata
741 2064 1061 2142 totidem.
1114 1998 1357 2142 {accae
1405 2088 1528 2140 aut
1584 2061 1882 2164 capsulae
1948 2062 2252 2136 totidem

120 2145 332 2232 mono*
360 2182 489 2238 aut
532 2158 988 2265 polyspermae
1019 2224 1039 2254 ‚
1087 2189 1277 2237 nunc
1319 2162 1648 2236 distinctae
1686 2161 1928 2235 seffiles
1976 2182 2097 2235 aut
2144 2158 2251 2233 sti-

121 2257 325 2349 pitatae
353 2262 441 2335 δε
468 2261 912 2358 receptaculo
946 2264 1314 2335 communi
1352 2262 1451 2333 im
1545 2256 1689 2343 ,sitae
1712 2319 1731 2348 ,
1762 2283 1955 2332 nunc
1984 2254 2253 2332 coadu-

120 2373 273 2424 natae
319 2358 395 2427 in
447 2350 757 2427 frustum
816 2360 1109 2431 unicum
1167 2353 1466 2457 pulposu
1587 2415 1608 2446 ,
1670 2352 2055 2429 numerosis
2117 2349 2247 2426 sub

118 2452 353 2524 cortice
426 2473 848 2529 excavatum
904 2453 1154 2549 loculis
1209 2452 1741 2552 monospermis.
1818 2449 2251 2525 Membrana

117 2538 443 2621 seminum
523 2551 824 2623 exterior
876 2557 1199 2629 coriacea
1242 2610 1261 2640 ,
1338 2551 1630 2624 interior
1700 2548 2249 2622 membranacea

116 2640 541 2718 transversim
625 2644 881 2743 pluries
953 2650 1143 2721 intus
1208 2647 1469 2744 plicata
1518 2679 1551 2733 ·,
1634 2643 1833 2743 plicis
1912 2646 2247 2717 innume-

116 2759 209 2808 ros
244 2738 827 2838 distinguentibus
869 2741 1149 2816 lobulos
1185 2738 1604 2819 transversos
1652 2737 1931 2813 seminis
1970 2736 2084 2813 seu
2118 2762 2248 2837 pe-

109 2828 413 2931 rispermi
469 2842 708 2935 magni
763 2836 964 2913 solidi
1018 2898 1036 2927 ,
1093 2842 1172 2911 in
1209 2840 1407 2931 cujus
1454 2838 1625 2940 hylo
1689 2836 2054 2919 corculum
2082 2838 2243 2906 'nii-

108 2930 393 3007 nimum.
456 2933 694 3009 Caulis
743 2932 1186 3009 arborescens
1236 2957 1360 3008 aut
1398 2929 1791 3008 -frutescens
1832 2963 1852 3017 ;
1930 2933 2110 3006 rami
2161 2933 2245 3004 δε

107 3030 346 3121 ramuli
397 3028 652 3102 alterni
695 3034 956 3108 cortice
1003 3028 1247 3130 saepius
1297 3031 1686 3107 reticulato.
1738 3030 1938 3103 Folia
1979 3028 2247 3105 alterna

108 3118 448 3223 simplicia
490 3130 765 3226 integra
810 3154 959 3202 non
994 3128 1392 3229 stipulacea.
1436 3128 1672 3201 Flores
1715 3126 2054 3209 axillares.

107 3281 398 3351 ANONA
420 3333 440 3361 ‚
485 3288 550 3350 L.
586 3292 615 3323 ’⁵
656 3289 1130 3355 GUANABANUS
1153 3342 1170 3367 ,
1193 3291 1273 3353 Pl.
1301 3294 1331 3324 ⁸*
1360 3295 1554 3354 Anone
1575 3337 1594 3362 ‚
1623 3292 1881 3372 Cmffzl,
1924 3287 2247 3350 Cachimem.

171 3361 367 3428 Petala
414 3388 443 3447 ‚3
485 3369 771 3429 interiora
804 3372 1062 3431 minora.
1097 3371 1385 3433 Germina
1416 3387 1695 3432 concreta
1724 3372 1787 3430 in
1812 3388 1991 3430 unum
2021 3367 2251 3445 stigma·-

167 3443 330 3525 tibus
372 3447 707 3507 numerosis
748 3447 985 3509 tectum.
1032 3448 1221 3511 Bacca
1264 3450 1439 3510 unica
1492 3467 1566 3509 ex
1617 3448 1883 3530 pluribus
1928 3460 2249 3515 concreta,

168 3524 402 3589 cortice
424 3526 726 3587 muricato
759 3542 862 3587 aut
889 3526 1203 3620 squamoso
1236 3542 1342 3589 aut
1382 3525 1695 3588 reticulato
1719 3540 1820 3588 aut
1845 3524 2033 3585 rarius
2066 3524 2244 3598 laevi‘,

171 3598 331 3664 intus
372 3602 657 3685 pulposa‚
692 3603 764 3665 ad
803 3606 1093 3671 ambitum
1130 3605 1584 3668 multilocularis
1614 3604 1824 3668 loculis
1858 3602 2168 3683 1·spetm15.

107 3696 401 3765 UNONA
424 3748 444 3777 ‚
479 3704 585 3773 LS.
607 3708 637 3738 ⁴*
667 3704 863 3767 Peraia
902 3704 1022 3766 bafi
1064 3705 1224 3781 'intus
1258 3722 1546 3771 excavata
1579 3705 1643 3764 δι
1672 3706 1731 3765 in
1774 3703 2079 3766 urceolum
2109 3722 2250 3766 con-

168 3781 465 3845 niventia.
509 3781 794 3846 Germina
818 3783 1077 3847 distincta
1103 3806 1124 3859 ;
1147 3784 1283 3867 styli
1321 3786 1557 3846 circiter
1599 3804 1687 3844 ιο.
1727 3784 1936 3855 Baecae
1971 3782 2249 3845 distinaae

169 3872 409 3933 ovatae,
451 3862 812 3924 umbellatim
849 3863 1227 3943 divergentes
1249 3908 1271 3933 ,
1307 3862 1618 3946 2·spermae
1650 3859 1872 3925 semine
1907 3879 2030 3923 uno
2071 3856 2246 3942 supra

166 3938 436 4009 alterum·
476 3942 715 4008 Cat-affer
747 3966 815 4004 ex
850 3944 1011 4007 Lina.
1050 3944 1244 4027 suppl.
1805 3958 1811 3965 '
