<?xml version="1.0" encoding="UTF-8"?>
<!DOCTYPE html PUBLIC "-//W3C//DTD XHTML 1.0 Transitional//EN"
    "http://www.w3.org/TR/xhtml1/DTD/xhtml1-transitional.dtd">
<html xmlns="http://www.w3.org/1999/xhtml" xml:lang="en" lang="en">
 <head>
  <title>
</title>
<meta http-equiv="Content-Type" content="text/html;charset=utf-8" />
  <meta name='ocr-system' content='tesseract 3.04.00' />
  <meta name='ocr-capabilities' content='ocr_page ocr_carea ocr_par ocr_line ocrx_word'/>
</head>
<body>
  <div class='ocr_page' id='page_1' title='image "./antoniilaurenti00jussgoog_0083.png"; bbox 0 0 2646 4292; ppageno 0'>
   <div class='ocr_carea' id='block_1_1' title="bbox 2170 134 2297 216">
    <p class='ocr_par' dir='ltr' id='par_1_1' title="bbox 2170 134 2297 216">
     <span class='ocr_line' id='line_1_1' title="bbox 2170 134 2297 216; baseline 0.008 -1"><span class='ocrx_word' id='word_1_1' title='bbox 2170 134 2297 216; x_wconf 77' lang='lat' dir='ltr'>xlv</span> 
     </span>
    </p>
   </div>
   <div class='ocr_carea' id='block_1_2' title="bbox 110 238 2629 4014">
    <p class='ocr_par' dir='ltr' id='par_1_2' title="bbox 110 238 2462 2788">
     <span class='ocr_line' id='line_1_2' title="bbox 110 238 2297 358; baseline 0.003 -20"><span class='ocrx_word' id='word_1_2' title='bbox 110 273 533 338; x_wconf 58' lang='lat' dir='ltr'>&amp;rimantibus</span> <span class='ocrx_word' id='word_1_3' title='bbox 570 290 834 357; x_wconf 86' lang='lat' dir='ltr'>quorum</span> <span class='ocrx_word' id='word_1_4' title='bbox 869 238 1179 339; x_wconf 66' lang='lat' dir='ltr'>incubatio</span> <span class='ocrx_word' id='word_1_5' title='bbox 1212 272 1422 341; x_wconf 82' lang='lat' dir='ltr'>fimilis</span> <span class='ocrx_word' id='word_1_6' title='bbox 1444 273 1532 337; x_wconf 41' lang='lat' dir='ltr'>est&gt;</span> <span class='ocrx_word' id='word_1_7' title='bbox 1551 274 1975 356; x_wconf 84' lang='lat' dir='ltr'>Vegetantium</span> <span class='ocrx_word' id='word_1_8' title='bbox 2005 279 2297 358; x_wconf 77' lang='lat' dir='ltr'>germina-</span> 
     </span>
     <span class='ocr_line' id='line_1_3' title="bbox 120 369 2297 458; baseline 0.003 -22"><span class='ocrx_word' id='word_1_9' title='bbox 120 374 304 438; x_wconf 84' lang='lat' dir='ltr'>tioni.</span> <span class='ocrx_word' id='word_1_10' title='bbox 342 369 469 436; x_wconf 86' lang='lat' dir='ltr'>Cor</span> <span class='ocrx_word' id='word_1_11' title='bbox 492 420 515 449; x_wconf 90' lang='lat'>,</span> <span class='ocrx_word' id='word_1_12' title='bbox 534 375 596 437; x_wconf 89' lang='lat' dir='ltr'>in</span> <span class='ocrx_word' id='word_1_13' title='bbox 629 375 869 438; x_wconf 89' lang='lat' dir='ltr'>animali</span> <span class='ocrx_word' id='word_1_14' title='bbox 902 373 1048 437; x_wconf 81' lang='lat' dir='ltr'>foetu</span> <span class='ocrx_word' id='word_1_15' title='bbox 1072 375 1327 457; x_wconf 85' lang='lat' dir='ltr'>primum</span> <span class='ocrx_word' id='word_1_16' title='bbox 1343 394 1614 439; x_wconf 63' lang='lat' dir='ltr'>,movens</span> <span class='ocrx_word' id='word_1_17' title='bbox 1643 376 1706 436; x_wconf 83' lang='grc' dir='ltr'>δι</span> <span class='ocrx_word' id='word_1_18' title='bbox 1735 379 1987 449; x_wconf 79' lang='lat' dir='ltr'>vivens,</span> <span class='ocrx_word' id='word_1_19' title='bbox 2009 378 2297 458; x_wconf 62' lang='lat' dir='ltr'>{irnsiura</span> 
     </span>
     <span class='ocr_line' id='line_1_4' title="bbox 110 474 2328 564; baseline 0.004 -28"><span class='ocrx_word' id='word_1_20' title='bbox 110 474 214 538; x_wconf 68' lang='lat' dir='ltr'>sua</span> <span class='ocrx_word' id='word_1_21' title='bbox 248 475 520 539; x_wconf 80' lang='lat' dir='ltr'>diversas</span> <span class='ocrx_word' id='word_1_22' title='bbox 552 476 760 541; x_wconf 85' lang='lat' dir='ltr'>definit</span> <span class='ocrx_word' id='word_1_23' title='bbox 792 476 1208 539; x_wconf 80' lang='lat' dir='ltr'>Animantium</span> <span class='ocrx_word' id='word_1_24' title='bbox 1237 475 1444 538; x_wconf 81' lang='lat' dir='ltr'>classes</span> <span class='ocrx_word' id='word_1_25' title='bbox 1478 496 1731 559; x_wconf 88' lang='lat' dir='ltr'>quarum</span> <span class='ocrx_word' id='word_1_26' title='bbox 1765 496 2134 561; x_wconf 66' lang='lat' dir='ltr'>unaquaeque</span> <span class='ocrx_word' id='word_1_27' title='bbox 2167 478 2328 564; x_wconf 76' lang='lat' dir='ltr'>plu-&#39;</span> 
     </span>
     <span class='ocr_line' id='line_1_5' title="bbox 112 577 2462 661; baseline 0.002 -20"><span class='ocrx_word' id='word_1_28' title='bbox 112 578 305 641; x_wconf 77' lang='lat' dir='ltr'>timos</span> <span class='ocrx_word' id='word_1_29' title='bbox 357 579 605 641; x_wconf 82' lang='lat' dir='ltr'>ordines</span> <span class='ocrx_word' id='word_1_30' title='bbox 654 578 1090 660; x_wconf 59' lang='lat' dir='ltr'>compleciitur.</span> <span class='ocrx_word' id='word_1_31' title='bbox 1126 578 1196 639; x_wconf 90' lang='lat' dir='ltr'>In</span> <span class='ocrx_word' id='word_1_32' title='bbox 1237 577 1753 661; x_wconf 84' lang='lat' dir='ltr'>Quadrupedibus</span> <span class='ocrx_word' id='word_1_33' title='bbox 1797 579 1860 640; x_wconf 76' lang='grc' dir='ltr'>δι</span> <span class='ocrx_word' id='word_1_34' title='bbox 1913 580 2188 643; x_wconf 87' lang='lat' dir='ltr'>Cetaceis</span> <span class='ocrx_word' id='word_1_35' title='bbox 2227 585 2294 646; x_wconf 86' lang='lat'>&amp;</span> <span class='ocrx_word' id='word_1_36' title='bbox 2355 620 2360 625; x_wconf 45' lang='grc'><strong><em>’</em></strong></span> <span class='ocrx_word' id='word_1_37' title='bbox 2461 616 2462 619; x_wconf 34' lang='lat'>¹</span> 
     </span>
     <span class='ocr_line' id='line_1_6' title="bbox 113 677 2299 761; baseline 0.002 -21"><span class='ocrx_word' id='word_1_38' title='bbox 113 678 351 740; x_wconf 78' lang='lat' dir='ltr'>Avibus</span> <span class='ocrx_word' id='word_1_39' title='bbox 402 677 737 742; x_wconf 87' lang='lat' dir='ltr'>biloculare</span> <span class='ocrx_word' id='word_1_40' title='bbox 771 679 839 740; x_wconf 76' lang='grc' dir='ltr'>δι</span> <span class='ocrx_word' id='word_1_41' title='bbox 874 677 1336 741; x_wconf 89' lang='lat' dir='ltr'>biauriculatum</span> <span class='ocrx_word' id='word_1_42' title='bbox 1363 723 1386 752; x_wconf 90' lang='lat'>,</span> <span class='ocrx_word' id='word_1_43' title='bbox 1435 678 1493 738; x_wconf 89' lang='lat' dir='ltr'>in</span> <span class='ocrx_word' id='word_1_44' title='bbox 1540 677 1801 755; x_wconf 70' lang='lat' dir='ltr'>Piscibus</span> <span class='ocrx_word' id='word_1_45' title='bbox 1848 678 1909 739; x_wconf 79' lang='grc' dir='ltr'>δι</span> <span class='ocrx_word' id='word_1_46' title='bbox 1959 679 2299 761; x_wconf 81' lang='lat' dir='ltr'>Reptilibus</span> 
     </span>
     <span class='ocr_line' id='line_1_7' title="bbox 114 778 2300 856; baseline 0.001 -15"><span class='ocrx_word' id='word_1_47' title='bbox 114 778 486 842; x_wconf 86' lang='lat' dir='ltr'>nniloculare</span> <span class='ocrx_word' id='word_1_48' title='bbox 518 779 1059 856; x_wconf 88' lang='lat' dir='ltr'>uniauriculatum,</span> <span class='ocrx_word' id='word_1_49' title='bbox 1082 782 1144 841; x_wconf 89' lang='lat' dir='ltr'>in</span> <span class='ocrx_word' id='word_1_50' title='bbox 1179 780 1505 843; x_wconf 86' lang='lat' dir='ltr'>Vermibus</span> <span class='ocrx_word' id='word_1_51' title='bbox 1544 779 1607 841; x_wconf 76' lang='grc' dir='ltr'>δι</span> <span class='ocrx_word' id='word_1_52' title='bbox 1644 779 1884 843; x_wconf 67' lang='grc' dir='ltr'><strong>Ῑηΐεᾶἰς</strong></span> <span class='ocrx_word' id='word_1_53' title='bbox 1923 780 2300 845; x_wconf 89' lang='lat' dir='ltr'>uniloculare</span> 
     </span>
     <span class='ocr_line' id='line_1_8' title="bbox 116 864 2295 963; baseline -0 -18"><span class='ocrx_word' id='word_1_54' title='bbox 116 900 232 945; x_wconf 86' lang='lat' dir='ltr'>non</span> <span class='ocrx_word' id='word_1_55' title='bbox 269 882 714 957; x_wconf 76' lang='lat' dir='ltr'>auricularum,</span> <span class='ocrx_word' id='word_1_56' title='bbox 753 884 819 943; x_wconf 91' lang='lat' dir='ltr'>in</span> <span class='ocrx_word' id='word_1_57' title='bbox 850 881 1092 963; x_wconf 74' lang='lat' dir='ltr'>singulis</span> <span class='ocrx_word' id='word_1_58' title='bbox 1133 872 1440 963; x_wconf 74' lang='lat' dir='ltr'>nunquam</span> <span class='ocrx_word' id='word_1_59' title='bbox 1478 881 1758 956; x_wconf 84' lang='lat' dir='ltr'>varium,</span> <span class='ocrx_word' id='word_1_60' title='bbox 1804 883 2165 945; x_wconf 89' lang='lat' dir='ltr'>evolutione</span> <span class='ocrx_word' id='word_1_61' title='bbox 2187 864 2295 963; x_wconf 42' lang='lat' dir='ltr'>‘sua</span> 
     </span>
     <span class='ocr_line' id='line_1_9' title="bbox 115 981 2298 1066; baseline 0 -21"><span class='ocrx_word' id='word_1_62' title='bbox 115 1001 183 1045; x_wconf 80' lang='lat' dir='ltr'>ac</span> <span class='ocrx_word' id='word_1_63' title='bbox 214 984 472 1066; x_wconf 77' lang='lat' dir='ltr'>perenni</span> <span class='ocrx_word' id='word_1_64' title='bbox 508 999 683 1046; x_wconf 89' lang='lat' dir='ltr'>motu</span> <span class='ocrx_word' id='word_1_65' title='bbox 714 981 1238 1046; x_wconf 63' lang='lat' dir='ltr'>differentias&#39;illas</span> <span class='ocrx_word' id='word_1_66' title='bbox 1256 982 1626 1065; x_wconf 85' lang='lat' dir='ltr'>amplificat,</span> <span class='ocrx_word' id='word_1_67' title='bbox 1650 983 1940 1062; x_wconf 65' lang='lat' dir='ltr'>adjunfiiis</span> <span class='ocrx_word' id='word_1_68' title='bbox 1982 984 2160 1065; x_wconf 79' lang='lat' dir='ltr'>signis</span> <span class='ocrx_word' id='word_1_69' title='bbox 2185 1003 2298 1046; x_wconf 83' lang='lat' dir='ltr'>ex·-</span> 
     </span>
     <span class='ocr_line' id='line_1_10' title="bbox 121 1083 2298 1169; baseline 0.001 -21"><span class='ocrx_word' id='word_1_70' title='bbox 121 1085 445 1148; x_wconf 80' lang='lat' dir='ltr'>ntrioribus</span> <span class='ocrx_word' id='word_1_71' title='bbox 481 1083 846 1147; x_wconf 85' lang='lat' dir='ltr'>secundariis</span> <span class='ocrx_word' id='word_1_72' title='bbox 877 1084 1343 1167; x_wconf 66' lang='lat' dir='ltr'>praenuntiatas,</span> <span class='ocrx_word' id='word_1_73' title='bbox 1383 1084 1560 1161; x_wconf 77' lang='lat' dir='ltr'>itaut</span> <span class='ocrx_word' id='word_1_74' title='bbox 1592 1106 1960 1169; x_wconf 68' lang='lat' dir='ltr'>unaquaeque</span> <span class='ocrx_word' id='word_1_75' title='bbox 1983 1086 2168 1150; x_wconf 84' lang='lat' dir='ltr'>claffis</span> <span class='ocrx_word' id='word_1_76' title='bbox 2195 1088 2298 1150; x_wconf 91' lang='lat' dir='ltr'>ha-</span> 
     </span>
     <span class='ocr_line' id='line_1_11' title="bbox 118 1184 2297 1270; baseline 0 -21"><span class='ocrx_word' id='word_1_77' title='bbox 118 1187 249 1249; x_wconf 79' lang='lat' dir='ltr'>bitu</span> <span class='ocrx_word' id='word_1_78' title='bbox 308 1189 566 1269; x_wconf 85' lang='lat' dir='ltr'>proprio</span> <span class='ocrx_word' id='word_1_79' title='bbox 607 1185 785 1249; x_wconf 77' lang='lat' dir='ltr'>facile</span> <span class='ocrx_word' id='word_1_80' title='bbox 826 1185 1229 1268; x_wconf 83' lang='lat' dir='ltr'>dignoscatur.</span> <span class='ocrx_word' id='word_1_81' title='bbox 1276 1184 1377 1247; x_wconf 90' lang='lat' dir='ltr'>Sic</span> <span class='ocrx_word' id='word_1_82' title='bbox 1426 1186 1604 1249; x_wconf 87' lang='lat' dir='ltr'>etiam</span> <span class='ocrx_word' id='word_1_83' title='bbox 1637 1188 1947 1250; x_wconf 90' lang='lat' dir='ltr'>corculum</span> <span class='ocrx_word' id='word_1_84' title='bbox 1981 1188 2041 1250; x_wconf 89' lang='lat' dir='ltr'>in</span> <span class='ocrx_word' id='word_1_85' title='bbox 2078 1188 2297 1270; x_wconf 87' lang='lat' dir='ltr'>plantis</span> 
     </span>
     <span class='ocr_line' id='line_1_12' title="bbox 121 1285 2297 1370; baseline 0.001 -21"><span class='ocrx_word' id='word_1_86' title='bbox 121 1288 373 1369; x_wconf 80' lang='lat' dir='ltr'>primum</span> <span class='ocrx_word' id='word_1_87' title='bbox 412 1289 640 1349; x_wconf 82' lang='lat' dir='ltr'>vivens</span> <span class='ocrx_word' id='word_1_88' title='bbox 688 1287 1023 1370; x_wconf 85' lang='lat' dir='ltr'>praecipuas</span> <span class='ocrx_word' id='word_1_89' title='bbox 1062 1306 1267 1348; x_wconf 89' lang='lat' dir='ltr'>earum</span> <span class='ocrx_word' id='word_1_90' title='bbox 1308 1285 1720 1361; x_wconf 80' lang='lat' dir='ltr'>ordinationes</span> <span class='ocrx_word' id='word_1_91' title='bbox 1759 1286 2054 1368; x_wconf 76' lang='lat' dir='ltr'>designat,</span> <span class='ocrx_word' id='word_1_92' title='bbox 2095 1288 2297 1352; x_wconf 88' lang='lat' dir='ltr'>cordis</span> 
     </span>
     <span class='ocr_line' id='line_1_13' title="bbox 121 1388 2292 1470; baseline 0.001 -20"><span class='ocrx_word' id='word_1_93' title='bbox 121 1389 413 1451; x_wconf 80' lang='lat' dir='ltr'>auriculas</span> <span class='ocrx_word' id='word_1_94' title='bbox 451 1388 619 1470; x_wconf 87' lang='lat' dir='ltr'>quafi</span> <span class='ocrx_word' id='word_1_95' title='bbox 662 1389 948 1450; x_wconf 85' lang='lat' dir='ltr'>aemulans</span> <span class='ocrx_word' id='word_1_96' title='bbox 990 1389 1150 1451; x_wconf 85' lang='lat' dir='ltr'>iobis</span> <span class='ocrx_word' id='word_1_97' title='bbox 1186 1388 1425 1451; x_wconf 89' lang='lat' dir='ltr'>duobus</span> <span class='ocrx_word' id='word_1_98' title='bbox 1469 1403 1572 1449; x_wconf 89' lang='lat' dir='ltr'>aut</span> <span class='ocrx_word' id='word_1_99' title='bbox 1608 1388 1790 1450; x_wconf 91' lang='lat' dir='ltr'>unico</span> <span class='ocrx_word' id='word_1_100' title='bbox 1832 1407 1934 1451; x_wconf 89' lang='lat' dir='ltr'>aut</span> <span class='ocrx_word' id='word_1_101' title='bbox 1983 1388 2183 1466; x_wconf 84' lang='lat' dir='ltr'>nullo,</span> <span class='ocrx_word' id='word_1_102' title='bbox 2228 1393 2292 1453; x_wconf 77' lang='grc' dir='ltr'>δι</span> 
     </span>
     <span class='ocr_line' id='line_1_14' title="bbox 119 1486 2297 1572; baseline 0 -21"><span class='ocrx_word' id='word_1_103' title='bbox 119 1488 351 1551; x_wconf 71' lang='lat' dir='ltr'>aliunde</span> <span class='ocrx_word' id='word_1_104' title='bbox 392 1489 572 1566; x_wconf 79' lang='lat' dir='ltr'>hujus</span> <span class='ocrx_word' id='word_1_105' title='bbox 605 1488 978 1559; x_wconf 52' lang='lat' dir='ltr'>carabierem,</span> <span class='ocrx_word' id='word_1_106' title='bbox 997 1486 1234 1569; x_wconf 60' lang='lat' dir='ltr'>petasia</span> <span class='ocrx_word' id='word_1_107' title='bbox 1257 1488 1696 1569; x_wconf 86' lang='lat' dir='ltr'>germinatione</span> <span class='ocrx_word' id='word_1_108' title='bbox 1725 1486 1991 1569; x_wconf 73' lang='lat' dir='ltr'>fugacem</span> <span class='ocrx_word' id='word_1_109' title='bbox 2022 1489 2297 1572; x_wconf 87' lang='lat' dir='ltr'>supplent</span> 
     </span>
     <span class='ocr_line' id='line_1_15' title="bbox 118 1588 2298 1671; baseline 0 -18"><span class='ocrx_word' id='word_1_110' title='bbox 118 1589 349 1653; x_wconf 64' lang='lat' dir='ltr'>extimas</span> <span class='ocrx_word' id='word_1_111' title='bbox 393 1604 568 1652; x_wconf 79' lang='lat' dir='ltr'>notae</span> <span class='ocrx_word' id='word_1_112' title='bbox 610 1590 830 1671; x_wconf 85' lang='lat' dir='ltr'>quibus</span> <span class='ocrx_word' id='word_1_113' title='bbox 870 1588 1248 1665; x_wconf 75' lang='lat' dir='ltr'>constituitur</span> <span class='ocrx_word' id='word_1_114' title='bbox 1303 1589 1582 1671; x_wconf 86' lang='lat' dir='ltr'>proprius</span> <span class='ocrx_word' id='word_1_115' title='bbox 1633 1588 1988 1670; x_wconf 78' lang='lat' dir='ltr'>singularum</span> <span class='ocrx_word' id='word_1_116' title='bbox 2037 1590 2298 1654; x_wconf 88' lang='lat' dir='ltr'>claffium</span> 
     </span>
     <span class='ocr_line' id='line_1_16' title="bbox 120 1674 2297 1771; baseline -0.001 -16"><span class='ocrx_word' id='word_1_117' title='bbox 120 1690 565 1755; x_wconf 66' lang='lat' dir='ltr'>habitusnaec</span> <span class='ocrx_word' id='word_1_118' title='bbox 603 1690 726 1753; x_wconf 90' lang='lat' dir='ltr'>duo</span> <span class='ocrx_word' id='word_1_119' title='bbox 762 1691 1103 1755; x_wconf 88' lang='lat' dir='ltr'>Animantis</span> <span class='ocrx_word' id='word_1_120' title='bbox 1135 1689 1200 1752; x_wconf 76' lang='grc' dir='ltr'>δι</span> <span class='ocrx_word' id='word_1_121' title='bbox 1235 1674 1586 1771; x_wconf 75' lang='lat' dir='ltr'>vegetantis</span> <span class='ocrx_word' id='word_1_122' title='bbox 1620 1706 1843 1770; x_wconf 86' lang='lat' dir='ltr'>organa</span> <span class='ocrx_word' id='word_1_123' title='bbox 1881 1690 2200 1771; x_wconf 64' lang='lat' dir='ltr'>primaria,</span> <span class='ocrx_word' id='word_1_124' title='bbox 2231 1693 2297 1753; x_wconf 90' lang='lat' dir='ltr'>in</span> 
     </span>
     <span class='ocr_line' id='line_1_17' title="bbox 121 1790 2298 1875; baseline -0.001 -21"><span class='ocrx_word' id='word_1_125' title='bbox 121 1808 377 1875; x_wconf 80' lang='lat' dir='ltr'>utroque</span> <span class='ocrx_word' id='word_1_126' title='bbox 412 1791 631 1875; x_wconf 89' lang='lat' dir='ltr'>primis</span> <span class='ocrx_word' id='word_1_127' title='bbox 671 1792 709 1854; x_wconf 75' lang='lat' dir='ltr'>a</span> <span class='ocrx_word' id='word_1_128' title='bbox 741 1791 1162 1856; x_wconf 82' lang='lat' dir='ltr'>secundatione</span> <span class='ocrx_word' id='word_1_129' title='bbox 1203 1790 1583 1871; x_wconf 87' lang='lat' dir='ltr'>temporibus</span> <span class='ocrx_word' id='word_1_130' title='bbox 1610 1807 1716 1851; x_wconf 90' lang='lat' dir='ltr'>ens</span> <span class='ocrx_word' id='word_1_131' title='bbox 1753 1792 2045 1871; x_wconf 88' lang='lat' dir='ltr'>integrum</span> <span class='ocrx_word' id='word_1_132' title='bbox 2080 1792 2298 1854; x_wconf 87' lang='lat' dir='ltr'>consti-</span> 
     </span>
     <span class='ocr_line' id='line_1_18' title="bbox 119 1890 2297 1979; baseline -0.002 -20"><span class='ocrx_word' id='word_1_133' title='bbox 119 1895 341 1959; x_wconf 76' lang='lat' dir='ltr'>tuentia</span> <span class='ocrx_word' id='word_1_134' title='bbox 361 1940 385 1969; x_wconf 89' lang='lat'>,</span> <span class='ocrx_word' id='word_1_135' title='bbox 430 1894 778 1957; x_wconf 85' lang='lat' dir='ltr'>universam</span> <span class='ocrx_word' id='word_1_136' title='bbox 826 1911 972 1959; x_wconf 88' lang='lat' dir='ltr'>tunc</span> <span class='ocrx_word' id='word_1_137' title='bbox 1021 1893 1492 1977; x_wconf 69' lang='lat' dir='ltr'>complestuntur</span> <span class='ocrx_word' id='word_1_138' title='bbox 1540 1890 2043 1979; x_wconf 76' lang='lat' dir='ltr'>organisationem</span> <span class='ocrx_word' id='word_1_139' title='bbox 2090 1910 2297 1954; x_wconf 84' lang='lat' dir='ltr'>coarc—</span> 
     </span>
     <span class='ocr_line' id='line_1_19' title="bbox 122 1984 2301 2076; baseline -0.003 -17"><span class='ocrx_word' id='word_1_140' title='bbox 122 2010 297 2060; x_wconf 79' lang='lat' dir='ltr'>tatam</span> <span class='ocrx_word' id='word_1_141' title='bbox 336 2016 414 2061; x_wconf 87' lang='lat' dir='ltr'>ac</span> <span class='ocrx_word' id='word_1_142' title='bbox 460 1996 639 2059; x_wconf 88' lang='lat' dir='ltr'>vitali</span> <span class='ocrx_word' id='word_1_143' title='bbox 683 2014 855 2059; x_wconf 89' lang='lat' dir='ltr'>motu</span> <span class='ocrx_word' id='word_1_144' title='bbox 894 1994 1159 2076; x_wconf 74' lang='lat' dir='ltr'>posthac.</span> <span class='ocrx_word' id='word_1_145' title='bbox 1188 1984 1594 2058; x_wconf 82' lang='lat' dir='ltr'>evolvendam</span> <span class='ocrx_word' id='word_1_146' title='bbox 1620 2038 1641 2069; x_wconf 93' lang='lat'>,</span> <span class='ocrx_word' id='word_1_147' title='bbox 1683 1992 1746 2053; x_wconf 81' lang='grc' dir='ltr'>δι</span> <span class='ocrx_word' id='word_1_148' title='bbox 1786 1992 2031 2056; x_wconf 76' lang='grc' dir='ltr'>ουηᾶος</span> <span class='ocrx_word' id='word_1_149' title='bbox 2069 1991 2301 2053; x_wconf 80' lang='lat' dir='ltr'>idcirco</span> 
     </span>
     <span class='ocr_line' id='line_1_20' title="bbox 116 2092 2299 2180; baseline -0.002 -17"><span class='ocrx_word' id='word_1_150' title='bbox 116 2100 452 2163; x_wconf 60' lang='lat' dir='ltr'>caraQeres</span> <span class='ocrx_word' id='word_1_151' title='bbox 472 2099 537 2160; x_wconf 88' lang='lat' dir='ltr'>in</span> <span class='ocrx_word' id='word_1_152' title='bbox 562 2117 751 2162; x_wconf 89' lang='lat' dir='ltr'>unum</span> <span class='ocrx_word' id='word_1_153' title='bbox 770 2096 935 2180; x_wconf 76' lang='lat' dir='ltr'>quali</span> <span class='ocrx_word' id='word_1_154' title='bbox 965 2095 1326 2160; x_wconf 88' lang='lat' dir='ltr'>contrahunt</span> <span class='ocrx_word' id='word_1_155' title='bbox 1352 2114 1495 2158; x_wconf 86' lang='lat' dir='ltr'>mox</span> <span class='ocrx_word' id='word_1_156' title='bbox 1533 2092 1948 2176; x_wconf 88' lang='lat' dir='ltr'>occupandum</span> <span class='ocrx_word' id='word_1_157' title='bbox 1981 2096 2299 2178; x_wconf 71' lang='lat' dir='ltr'>antequam</span> 
     </span>
     <span class='ocr_line' id='line_1_21' title="bbox 116 2194 2301 2279; baseline -0.002 -15"><span class='ocrx_word' id='word_1_158' title='bbox 116 2200 397 2265; x_wconf 85' lang='lat' dir='ltr'>diffluens</span> <span class='ocrx_word' id='word_1_159' title='bbox 426 2199 797 2262; x_wconf 87' lang='lat' dir='ltr'>increscente</span> <span class='ocrx_word' id='word_1_160' title='bbox 829 2196 981 2261; x_wconf 83' lang='lat' dir='ltr'>foetu</span> <span class='ocrx_word' id='word_1_161' title='bbox 1008 2199 1069 2258; x_wconf 89' lang='lat' dir='ltr'>in</span> <span class='ocrx_word' id='word_1_162' title='bbox 1101 2196 1303 2279; x_wconf 86' lang='lat' dir='ltr'>plures</span> <span class='ocrx_word' id='word_1_163' title='bbox 1331 2195 1727 2277; x_wconf 86' lang='lat' dir='ltr'>dispertiatur.</span> <span class='ocrx_word' id='word_1_164' title='bbox 1757 2194 1901 2259; x_wconf 75' lang='lat' dir='ltr'>Inde</span> <span class='ocrx_word' id='word_1_165' title='bbox 1932 2197 2175 2259; x_wconf 85' lang='lat' dir='ltr'>ordines</span> <span class='ocrx_word' id='word_1_166' title='bbox 2200 2197 2301 2260; x_wconf 89' lang='lat' dir='ltr'>seu</span> 
     </span>
     <span class='ocr_line' id='line_1_22' title="bbox 116 2294 2303 2379; baseline -0.004 -11"><span class='ocrx_word' id='word_1_167' title='bbox 116 2302 301 2368; x_wconf 77' lang='lat' dir='ltr'>corde</span> <span class='ocrx_word' id='word_1_168' title='bbox 343 2300 452 2365; x_wconf 87' lang='lat' dir='ltr'>seu</span> <span class='ocrx_word' id='word_1_169' title='bbox 491 2301 742 2362; x_wconf 85' lang='lat' dir='ltr'>corculo</span> <span class='ocrx_word' id='word_1_170' title='bbox 784 2299 1042 2373; x_wconf 74' lang='lat' dir='ltr'>similes,</span> <span class='ocrx_word' id='word_1_171' title='bbox 1088 2297 1235 2360; x_wconf 75' lang='lat' dir='ltr'>vere</span> <span class='ocrx_word' id='word_1_172' title='bbox 1272 2296 1648 2359; x_wconf 88' lang='lat' dir='ltr'>conveniunt</span> <span class='ocrx_word' id='word_1_173' title='bbox 1695 2294 1970 2379; x_wconf 84' lang='lat' dir='ltr'>plurimis</span> <span class='ocrx_word' id='word_1_174' title='bbox 2019 2297 2194 2376; x_wconf 72' lang='lat' dir='ltr'>signis</span> <span class='ocrx_word' id='word_1_175' title='bbox 2236 2298 2303 2360; x_wconf 88' lang='lat' dir='ltr'>in</span> 
     </span>
     <span class='ocr_line' id='line_1_23' title="bbox 119 2398 2302 2484; baseline -0.002 -18"><span class='ocrx_word' id='word_1_176' title='bbox 119 2423 307 2466; x_wconf 79' lang='lat' dir='ltr'>unum</span> <span class='ocrx_word' id='word_1_177' title='bbox 324 2403 628 2477; x_wconf 62' lang='lat' dir='ltr'>milesiis,</span> <span class='ocrx_word' id='word_1_178' title='bbox 646 2402 709 2462; x_wconf 78' lang='grc' dir='ltr'>δι</span> <span class='ocrx_word' id='word_1_179' title='bbox 734 2402 926 2484; x_wconf 86' lang='lat' dir='ltr'>prima</span> <span class='ocrx_word' id='word_1_180' title='bbox 946 2399 1336 2463; x_wconf 84' lang='lat' dir='ltr'>confirmatur</span> <span class='ocrx_word' id='word_1_181' title='bbox 1361 2398 1766 2461; x_wconf 85' lang='lat' dir='ltr'>Animantium</span> <span class='ocrx_word' id='word_1_182' title='bbox 1789 2416 1858 2479; x_wconf 84' lang='lat' dir='ltr'>ac</span> <span class='ocrx_word' id='word_1_183' title='bbox 1879 2399 2302 2477; x_wconf 84' lang='lat' dir='ltr'>Vegetantium</span> 
     </span>
     <span class='ocr_line' id='line_1_24' title="bbox 122 2499 2304 2586; baseline -0.002 -20"><span class='ocrx_word' id='word_1_184' title='bbox 122 2504 340 2568; x_wconf 75' lang='lat' dir='ltr'>divisio</span> <span class='ocrx_word' id='word_1_185' title='bbox 370 2526 447 2569; x_wconf 83' lang='lat' dir='ltr'>ex</span> <span class='ocrx_word' id='word_1_186' title='bbox 490 2523 722 2586; x_wconf 83' lang='lat' dir='ltr'>organo</span> <span class='ocrx_word' id='word_1_187' title='bbox 753 2503 1115 2586; x_wconf 87' lang='lat' dir='ltr'>primigenio</span> <span class='ocrx_word' id='word_1_188' title='bbox 1154 2501 1505 2584; x_wconf 86' lang='lat' dir='ltr'>deprompta</span> <span class='ocrx_word' id='word_1_189' title='bbox 1525 2523 1545 2570; x_wconf 71' lang='grc' dir='ltr'>ς,</span> <span class='ocrx_word' id='word_1_190' title='bbox 1581 2499 1718 2561; x_wconf 73' lang='lat' dir='ltr'>inde</span> <span class='ocrx_word' id='word_1_191' title='bbox 1759 2500 2109 2563; x_wconf 85' lang='lat' dir='ltr'>universalis</span> <span class='ocrx_word' id='word_1_192' title='bbox 2135 2502 2304 2584; x_wconf 85' lang='lat' dir='ltr'>plan-</span> 
     </span>
     <span class='ocr_line' id='line_1_25' title="bbox 125 2597 2307 2683; baseline -0.002 -15"><span class='ocrx_word' id='word_1_193' title='bbox 125 2621 325 2668; x_wconf 79' lang='lat' dir='ltr'>tatum.</span> <span class='ocrx_word' id='word_1_194' title='bbox 359 2605 662 2668; x_wconf 61' lang='lat' dir='ltr'>distinctio</span> <span class='ocrx_word' id='word_1_195' title='bbox 707 2604 769 2665; x_wconf 91' lang='lat' dir='ltr'>in</span> <span class='ocrx_word' id='word_1_196' title='bbox 817 2602 1278 2683; x_wconf 82' lang='lat' dir='ltr'>Acotyledones</span> <span class='ocrx_word' id='word_1_197' title='bbox 1301 2647 1321 2678; x_wconf 92' lang='lat'>‚</span> <span class='ocrx_word' id='word_1_198' title='bbox 1378 2597 1971 2681; x_wconf 88' lang='lat' dir='ltr'>Monocotyledones</span> <span class='ocrx_word' id='word_1_199' title='bbox 2005 2599 2071 2661; x_wconf 79' lang='grc' dir='ltr'>δι</span> <span class='ocrx_word' id='word_1_200' title='bbox 2105 2600 2307 2665; x_wconf 89' lang='lat' dir='ltr'>Dico-</span> 
     </span>
     <span class='ocr_line' id='line_1_26' title="bbox 131 2700 1748 2788; baseline -0.007 -19"><span class='ocrx_word' id='word_1_201' title='bbox 131 2708 456 2788; x_wconf 83' lang='lat' dir='ltr'>tyledones</span> <span class='ocrx_word' id='word_1_202' title='bbox 497 2705 658 2769; x_wconf 64' lang='lat' dir='ltr'>resta</span> <span class='ocrx_word' id='word_1_203' title='bbox 691 2724 763 2767; x_wconf 89' lang='lat' dir='ltr'>ac</span> <span class='ocrx_word' id='word_1_204' title='bbox 795 2703 1132 2767; x_wconf 84' lang='lat' dir='ltr'>inconcuffa</span> <span class='ocrx_word' id='word_1_205' title='bbox 1174 2700 1440 2765; x_wconf 71' lang='lat' dir='ltr'>subsistit.</span> <span class='ocrx_word' id='word_1_206' title='bbox 1735 2731 1748 2742; x_wconf 79' lang='lat'><em>,</em></span> 
     </span>
    </p>

    <p class='ocr_par' dir='ltr' id='par_1_3' title="bbox 126 2794 2317 3803">
     <span class='ocr_line' id='line_1_27' title="bbox 194 2794 2307 2889; baseline -0.003 -15"><span class='ocrx_word' id='word_1_207' title='bbox 194 2810 421 2874; x_wconf 73' lang='lat' dir='ltr'>Primae</span> <span class='ocrx_word' id='word_1_208' title='bbox 462 2809 711 2871; x_wconf 87' lang='lat' dir='ltr'>subeunt</span> <span class='ocrx_word' id='word_1_209' title='bbox 757 2807 1214 2889; x_wconf 87' lang='lat' dir='ltr'>Acotyledones</span> <span class='ocrx_word' id='word_1_210' title='bbox 1258 2805 1544 2869; x_wconf 58' lang='lat' dir='ltr'>struaura</span> <span class='ocrx_word' id='word_1_211' title='bbox 1597 2805 1891 2887; x_wconf 81' lang='lat' dir='ltr'>simplices</span> <span class='ocrx_word' id='word_1_212' title='bbox 1936 2805 2001 2866; x_wconf 89' lang='lat'>&amp;</span> <span class='ocrx_word' id='word_1_213' title='bbox 2053 2794 2142 2866; x_wconf 27' lang='lat' dir='ltr'>i&#39;n-</span> <span class='ocrx_word' id='word_1_214' title='bbox 2167 2806 2307 2868; x_wconf 88' lang='lat' dir='ltr'>uni·-</span> 
     </span>
     <span class='ocr_line' id='line_1_28' title="bbox 129 2907 2310 2991; baseline -0.003 -14"><span class='ocrx_word' id='word_1_215' title='bbox 129 2913 347 2977; x_wconf 79' lang='lat' dir='ltr'>versali</span> <span class='ocrx_word' id='word_1_216' title='bbox 419 2911 573 2974; x_wconf 85' lang='lat' dir='ltr'>serie</span> <span class='ocrx_word' id='word_1_217' title='bbox 649 2911 985 2991; x_wconf 77' lang='lat' dir='ltr'>pauciores·</span> <span class='ocrx_word' id='word_1_218' title='bbox 1060 2908 1508 2991; x_wconf 89' lang='lat' dir='ltr'>Subsequuntur</span> <span class='ocrx_word' id='word_1_219' title='bbox 1572 2907 1974 2990; x_wconf 83' lang='lat' dir='ltr'>progreffione</span> <span class='ocrx_word' id='word_1_220' title='bbox 2050 2910 2310 2973; x_wconf 87' lang='lat' dir='ltr'>naturali</span> 
     </span>
     <span class='ocr_line' id='line_1_29' title="bbox 127 3009 2307 3094; baseline -0.003 -15"><span class='ocrx_word' id='word_1_221' title='bbox 127 3012 724 3094; x_wconf 79' lang='lat' dir='ltr'>Monocotyledones</span> <span class='ocrx_word' id='word_1_222' title='bbox 765 3030 1018 3074; x_wconf 89' lang='lat' dir='ltr'>numero</span> <span class='ocrx_word' id='word_1_223' title='bbox 1072 3011 1272 3093; x_wconf 85' lang='lat' dir='ltr'>plures</span> <span class='ocrx_word' id='word_1_224' title='bbox 1325 3030 1397 3072; x_wconf 90' lang='lat' dir='ltr'>ac</span> <span class='ocrx_word' id='word_1_225' title='bbox 1442 3009 1639 3072; x_wconf 78' lang='lat' dir='ltr'>minus</span> <span class='ocrx_word' id='word_1_226' title='bbox 1693 3009 2000 3094; x_wconf 75' lang='lat' dir='ltr'>simplices.</span> <span class='ocrx_word' id='word_1_227' title='bbox 2041 3009 2307 3074; x_wconf 74' lang='lat' dir='ltr'>Demum</span> 
     </span>
     <span class='ocr_line' id='line_1_30' title="bbox 126 3102 2312 3198; baseline -0.004 -17"><span class='ocrx_word' id='word_1_228' title='bbox 126 3118 429 3198; x_wconf 74' lang='lat' dir='ltr'>prodeunt</span> <span class='ocrx_word' id='word_1_229' title='bbox 470 3102 956 3178; x_wconf 67' lang='lat' dir='ltr'>&#39;numerofissimae</span> <span class='ocrx_word' id='word_1_230' title='bbox 1013 3111 1499 3194; x_wconf 87' lang='lat' dir='ltr'>Dicotyledones</span> <span class='ocrx_word' id='word_1_231' title='bbox 1565 3110 2002 3192; x_wconf 86' lang='lat' dir='ltr'>organisatione</span> <span class='ocrx_word' id='word_1_232' title='bbox 2054 3111 2312 3194; x_wconf 87' lang='lat' dir='ltr'>pleniori</span> 
     </span>
     <span class='ocr_line' id='line_1_31' title="bbox 128 3212 2314 3301; baseline -0.003 -19"><span class='ocrx_word' id='word_1_233' title='bbox 128 3220 419 3301; x_wconf 75' lang='lat' dir='ltr'>praeditae.</span> <span class='ocrx_word' id='word_1_234' title='bbox 472 3217 618 3280; x_wconf 87' lang='lat' dir='ltr'>Non</span> <span class='ocrx_word' id='word_1_235' title='bbox 666 3215 879 3280; x_wconf 76' lang='lat' dir='ltr'>severe</span> <span class='ocrx_word' id='word_1_236' title='bbox 921 3214 1490 3279; x_wconf 83' lang='lat' dir='ltr'>circumscribuntur</span> <span class='ocrx_word' id='word_1_237' title='bbox 1533 3213 1648 3275; x_wconf 81' lang='lat' dir='ltr'>illae</span> <span class='ocrx_word' id='word_1_238' title='bbox 1689 3213 1886 3277; x_wconf 78' lang='lat' dir='ltr'>classes</span> <span class='ocrx_word' id='word_1_239' title='bbox 1933 3212 2314 3294; x_wconf 83' lang='lat' dir='ltr'>systematico</span> 
     </span>
     <span class='ocr_line' id='line_1_32' title="bbox 129 3314 2314 3400; baseline -0.004 -16"><span class='ocrx_word' id='word_1_240' title='bbox 129 3339 299 3384; x_wconf 76' lang='lat' dir='ltr'>more</span> <span class='ocrx_word' id='word_1_241' title='bbox 334 3365 357 3394; x_wconf 92' lang='lat'>‚</span> <span class='ocrx_word' id='word_1_242' title='bbox 423 3317 525 3381; x_wconf 90' lang='lat' dir='ltr'>sed</span> <span class='ocrx_word' id='word_1_243' title='bbox 581 3317 805 3400; x_wconf 86' lang='lat' dir='ltr'>absque</span> <span class='ocrx_word' id='word_1_244' title='bbox 858 3318 1177 3381; x_wconf 87' lang='lat' dir='ltr'>intervallo</span> <span class='ocrx_word' id='word_1_245' title='bbox 1222 3317 1389 3398; x_wconf 73' lang='lat' dir='ltr'>juxta</span> <span class='ocrx_word' id='word_1_246' title='bbox 1422 3318 1668 3378; x_wconf 84' lang='lat' dir='ltr'>Naturae</span> <span class='ocrx_word' id='word_1_247' title='bbox 1713 3335 1988 3379; x_wconf 86' lang='lat' dir='ltr'>normam</span> <span class='ocrx_word' id='word_1_248' title='bbox 2030 3314 2314 3378; x_wconf 82' lang='lat' dir='ltr'>extremis</span> 
     </span>
     <span class='ocr_line' id='line_1_33' title="bbox 130 3415 2314 3500; baseline -0.002 -18"><span class='ocrx_word' id='word_1_249' title='bbox 130 3417 396 3483; x_wconf 79' lang='lat' dir='ltr'>invicem</span> <span class='ocrx_word' id='word_1_250' title='bbox 460 3419 772 3482; x_wconf 71' lang='lat' dir='ltr'>cohaerent</span> <span class='ocrx_word' id='word_1_251' title='bbox 820 3420 1139 3500; x_wconf 87' lang='lat' dir='ltr'>generibus</span> <span class='ocrx_word' id='word_1_252' title='bbox 1196 3418 1507 3497; x_wconf 84' lang='lat' dir='ltr'>ambiguis.</span> <span class='ocrx_word' id='word_1_253' title='bbox 1556 3417 1688 3480; x_wconf 89' lang='lat' dir='ltr'>Nec</span> <span class='ocrx_word' id='word_1_254' title='bbox 1741 3417 1875 3477; x_wconf 85' lang='lat' dir='ltr'>satis</span> <span class='ocrx_word' id='word_1_255' title='bbox 1914 3415 1996 3478; x_wconf 88' lang='lat' dir='ltr'>est</span> <span class='ocrx_word' id='word_1_256' title='bbox 2033 3437 2048 3472; x_wconf 91' lang='lat'><strong>:</strong></span> <span class='ocrx_word' id='word_1_257' title='bbox 2087 3415 2314 3477; x_wconf 78' lang='lat' dir='ltr'>eaedem</span> 
     </span>
     <span class='ocr_line' id='line_1_34' title="bbox 128 3515 2317 3602; baseline -0.003 -19"><span class='ocrx_word' id='word_1_258' title='bbox 128 3519 311 3583; x_wconf 77' lang='lat' dir='ltr'>nimis</span> <span class='ocrx_word' id='word_1_259' title='bbox 346 3519 567 3602; x_wconf 83' lang='lat' dir='ltr'>amplae</span> <span class='ocrx_word' id='word_1_260' title='bbox 608 3521 672 3580; x_wconf 89' lang='lat' dir='ltr'>in</span> <span class='ocrx_word' id='word_1_261' title='bbox 718 3518 1094 3583; x_wconf 64' lang='lat' dir='ltr'>secundat-ias</span> <span class='ocrx_word' id='word_1_262' title='bbox 1128 3517 1451 3581; x_wconf 77' lang='lat' dir='ltr'>necessario</span> <span class='ocrx_word' id='word_1_263' title='bbox 1489 3518 1837 3579; x_wconf 86' lang='lat' dir='ltr'>dividuntur</span> <span class='ocrx_word' id='word_1_264' title='bbox 1868 3515 2148 3577; x_wconf 79' lang='lat' dir='ltr'>{imiliter</span> <span class='ocrx_word' id='word_1_265' title='bbox 2172 3534 2317 3578; x_wconf 85' lang='lat' dir='ltr'>con·</span> 
     </span>
     <span class='ocr_line' id='line_1_35' title="bbox 130 3614 2317 3703; baseline -0.004 -19"><span class='ocrx_word' id='word_1_266' title='bbox 130 3640 315 3684; x_wconf 77' lang='lat' dir='ltr'>nexas</span> <span class='ocrx_word' id='word_1_267' title='bbox 336 3667 356 3696; x_wconf 88' lang='lat'>‚</span> <span class='ocrx_word' id='word_1_268' title='bbox 398 3638 655 3702; x_wconf 88' lang='lat' dir='ltr'>quarum</span> <span class='ocrx_word' id='word_1_269' title='bbox 687 3619 974 3703; x_wconf 82' lang='lat' dir='ltr'>praecipui</span> <span class='ocrx_word' id='word_1_270' title='bbox 1019 3620 1347 3682; x_wconf 73' lang='lat' dir='ltr'>caraaeres</span> <span class='ocrx_word' id='word_1_271' title='bbox 1386 3638 1565 3699; x_wconf 81' lang='lat' dir='ltr'>aequo</span> <span class='ocrx_word' id='word_1_272' title='bbox 1601 3617 1731 3695; x_wconf 80' lang='lat' dir='ltr'>iure</span> <span class='ocrx_word' id='word_1_273' title='bbox 1767 3614 2094 3679; x_wconf 86' lang='lat' dir='ltr'>uniformes</span> <span class='ocrx_word' id='word_1_274' title='bbox 2124 3617 2317 3698; x_wconf 86' lang='lat' dir='ltr'>requi-</span> 
     </span>
     <span class='ocr_line' id='line_1_36' title="bbox 132 3720 1683 3803; baseline -0.004 -17"><span class='ocrx_word' id='word_1_275' title='bbox 132 3737 382 3799; x_wconf 86' lang='lat' dir='ltr'>runtur,</span> <span class='ocrx_word' id='word_1_276' title='bbox 430 3740 508 3782; x_wconf 82' lang='lat' dir='ltr'>ex</span> <span class='ocrx_word' id='word_1_277' title='bbox 547 3721 791 3803; x_wconf 88' lang='lat' dir='ltr'>organis</span> <span class='ocrx_word' id='word_1_278' title='bbox 837 3720 1235 3784; x_wconf 65' lang='lat' dir='ltr'>essentialibus</span> <span class='ocrx_word' id='word_1_279' title='bbox 1275 3720 1683 3801; x_wconf 88' lang='lat' dir='ltr'>depromendi.</span> 
     </span>
    </p>

    <p class='ocr_par' dir='ltr' id='par_1_4' title="bbox 137 3822 2629 4014">
     <span class='ocr_line' id='line_1_37' title="bbox 209 3822 2629 3916; baseline 0 -29"><span class='ocrx_word' id='word_1_280' title='bbox 209 3824 317 3887; x_wconf 83' lang='lat' dir='ltr'>An</span> <span class='ocrx_word' id='word_1_281' title='bbox 340 3839 544 3885; x_wconf 90' lang='lat' dir='ltr'>autem</span> <span class='ocrx_word' id='word_1_282' title='bbox 573 3823 885 3886; x_wconf 85' lang='lat' dir='ltr'>corculum</span> <span class='ocrx_word' id='word_1_283' title='bbox 904 3867 926 3894; x_wconf 92' lang='lat'><em>,</em></span> <span class='ocrx_word' id='word_1_284' title='bbox 962 3842 1099 3905; x_wconf 88' lang='lat' dir='ltr'>pars</span> <span class='ocrx_word' id='word_1_285' title='bbox 1118 3822 1539 3904; x_wconf 82' lang='lat' dir='ltr'>vegetantium</span> <span class='ocrx_word' id='word_1_286' title='bbox 1561 3824 1841 3905; x_wconf 88' lang='lat' dir='ltr'>primaria</span> <span class='ocrx_word' id='word_1_287' title='bbox 1859 3868 1877 3897; x_wconf 95' lang='lat'><strong>‚</strong></span> <span class='ocrx_word' id='word_1_288' title='bbox 1904 3823 2007 3886; x_wconf 88' lang='lat' dir='ltr'>suo</span> <span class='ocrx_word' id='word_1_289' title='bbox 2034 3825 2318 3888; x_wconf 87' lang='lat' dir='ltr'>loborum</span> <span class='ocrx_word' id='word_1_290' title='bbox 2399 3859 2571 3912; x_wconf 57' lang='lat' dir='ltr'>obss„</span> <span class='ocrx_word' id='word_1_291' title='bbox 2601 3871 2629 3916; x_wconf 57' lang='lat' dir='ltr'>ss</span> 
     </span>
     <span class='ocr_line' id='line_1_38' title="bbox 137 3925 2609 4014; baseline 0 -23"><span class='ocrx_word' id='word_1_292' title='bbox 137 3941 398 3991; x_wconf 79' lang='lat' dir='ltr'>numero</span> <span class='ocrx_word' id='word_1_293' title='bbox 420 3926 641 4010; x_wconf 86' lang='lat' dir='ltr'>primas</span> <span class='ocrx_word' id='word_1_294' title='bbox 676 3926 965 3995; x_wconf 86' lang='lat' dir='ltr'>definiens</span> <span class='ocrx_word' id='word_1_295' title='bbox 998 3925 1200 3991; x_wconf 62' lang='lat' dir='ltr'>classes</span> <span class='ocrx_word' id='word_1_296' title='bbox 1219 3972 1239 4005; x_wconf 89' lang='lat'>,</span> <span class='ocrx_word' id='word_1_297' title='bbox 1264 3926 1381 3992; x_wconf 87' lang='lat' dir='ltr'>alia</span> <span class='ocrx_word' id='word_1_298' title='bbox 1418 3926 1654 4010; x_wconf 83' lang='lat' dir='ltr'>insuper</span> <span class='ocrx_word' id='word_1_299' title='bbox 1683 3925 1914 4014; x_wconf 84' lang='lat' dir='ltr'>profert</span> <span class='ocrx_word' id='word_1_300' title='bbox 1934 3927 2093 4011; x_wconf 85' lang='lat' dir='ltr'>figna</span> <span class='ocrx_word' id='word_1_301' title='bbox 2131 3926 2320 3991; x_wconf 87' lang='lat' dir='ltr'>solida</span> <span class='ocrx_word' id='word_1_302' title='bbox 2357 3927 2609 3982; x_wconf 66' lang='lat' dir='ltr'>canduit·</span> 
     </span>
    </p>
   </div>
  </div>
 </body>
</html>
