2646 4292
605 209 672 268 ,ι
1126 221 1130 226 .
2382 209 2479 288 71

305 327 567 413 tiores
597 327 796 412 lobis
831 324 1341 412 subterraneis
1377 326 1463 411 &
1495 327 1716 412 simul
1751 320 1958 413 foliis
1990 329 2487 415 seminalibus

303 460 684 576 oppositis
737 461 1487 579 supereminentibus
1534 463 2034 549 instruuntur.
2073 466 2312 549 Varia
2347 464 2490 558 ‚lo-

301 595 682 682 bulorurn
761 598 1090 713 plicatio
1125 663 1150 703 ,
1234 602 1854 685 contextura&
1925 595 2277 686 evolutio
2312 662 2337 705 ‚
2404 603 2489 682 in

301 734 728 846 generibus
792 733 1313 818 consimilibus
1370 735 1640 848 saepius
1701 734 2122 824 conformis
2181 741 2261 819 in
2322 731 2488 849 spe-

302 863 583 950 ciebus
631 849 1202 983 congeneribus
1247 871 1549 985 semper
1599 869 1907 956 eadem.
1963 859 1972 868 ’

421 1045 601 1114 ΟΒς.
635 1042 1224 1118 Numerosissimae
1264 1048 1448 1132 inter
1473 1044 1894 1145 Vegetantia
1922 1043 2483 1146 Dicotyledones

304 1136 736 1234 dividuntur
778 1141 1045 1214 ratio'ne
1096 1140 1262 1215 situs
1308 1145 1541 1214 mutui
1606 1165 2041 1239 organorum
2088 1136 2480 1215 sexualium

309 1307 312 1308 γ
373 1260 484 1306 uae
527 1257 650 1309 aut
707 1237 1009 1309 alterum
1064 1238 1266 1310 alteri
1326 1233 1837 1311 submittuntur
1888 1257 2012 1308 aut
2062 1236 2487 1336 juxtapofita

307 1261 481 1405 arnt
520 1359 539 1403 ε
585 1329 680 1404 fic
722 1332 1017 1406 stamina
1055 1337 1361 1435 epigyna
1411 1334 1670 1432 pistillo
1709 1330 2010 1405 insident
2037 1391 2057 1420 ‚
2090 1331 2481 1442 hypogyna

310 1422 450 1500 sub
506 1424 758 1500 eodem
807 1426 1204 1501 inseruntur
1247 1489 1266 1518 ,
1346 1434 1687 1532 perigyna
1727 1428 1930 1506 calici
1973 1425 2320 1502 ambrenti
2373 1432 2487 1501 in-

310 1522 600 1595 haerent.
628 1524 914 1621 Triplex
951 1524 1097 1599 haec
1133 1522 1418 1598 insertio
1461 1530 1809 1597 immediata
1841 1524 1982 1597 dici
2015 1522 2279 1621 potest,
2314 1527 2486 1622 quia

310 1619 618 1692 stamina
666 1618 1076 1694 immediate
1125 1622 1384 1719 triplici
1447 1619 1907 1693 insertionum
1953 1621 2221 1718 puncto
2271 1618 2490 1694 infixa

310 1711 501 1788 sunt.
546 1715 823 1805 Quarta
853 1717 1261 1791 memoratis
1302 1715 1738 1800 hic'additu'r
1779 1712 2064 1789 insertio
2104 1714 2486 1789 staminum

305 1816 582 1883 mediata
641 1811 829 1885 dieta
861 1871 883 1900 ‚
948 1813 1204 1911 nempe
1250 1814 1605 1911 ‚epipetala
1652 1816 1766 1886 seu
1827 1808 2034 1910 supra
2081 1810 2427 1890 corollam
2460 1871 2483 1901 ‚

307 1913 487 1981 cuin
524 1906 746 1989 tribus
792 1907 943 1981 a'liis
991 1906 1483 1982 insertionibus
1520 1907 1945 1982 immediatis
1984 1905 2269 1980 seorsim
2307 1932 2483 1981 con-

313 2002 671 2092 cilianda,
715 2029 847 2103 pro
908 2003 1260 2080 consimili
1305 2006 1585 2080 corollae
1640 2000 1997 2124 ipsiusmet
2043 1997 2487 2077 staminiferae

307 2095 718 2174 insertione.
767 2097 1101 2175 Diversus
1149 2101 1314 2179 ideo
1342 2162 1364 2194 ,
1419 2101 1707 2177 relative
1750 2100 1841 2175 ad
1870 2099 2226 2200 pistillum
2261 2159 2281 2189 ‚
2317 2097 2481 2174 situs

299 2196 698 2270 staminum
750 2198 1270 2298 epipetalorum
1382 2226 1483 2272 uae
1538 2199 1851 2272 mediate
1880 2194 2483 2295 'seusinter'pofiti

307 2293 593 2367 corolla
626 2293 963 2367 inhaerent
990 2295 1250 2393 triplici
1285 2225 1746 2368 irffertionum
1787 2296 2075 2394 punCto.
2106 2291 2208 2364 Ut
2241 2314 2484 2395 autem

309 2392 404 2463 tri
463 2389 576 2462 lex
622 2410 810 2463 extat
855 2390 1267 2464 immediata
1307 2390 1685 2464 staminum
1725 2387 2008 2463 insertio
2040 2387 2133 2462 ab
2171 2392 2483 2460 invicem

289 2414 819 2559 *diffinffiffima
850 2511 980 2560 nec
1009 2511 1332 2586 unquam
1363 2490 1438 2559 in
1464 2488 1719 2561 eodem
1744 2485 1995 2561 ordine
2035 2482 2437 2583 promiscua
2461 2543 2480 2572 ,

316 2579 420 2655 fic
477 2581 792 2655 mediata
847 2582 1102 2680 triplex
1169 2581 1463 2657 subsistit
1525 2634 1530 2639 -
1577 2587 1784 2656 ariter
1844 2579 2208 2654 essentialis
2260 2583 2340 2653 &
2389 2578 2484 2653 ab

308 2680 634 2752 invicem
683 2678 989 2751 omnino
1048 2674 1467 2791 discrepans.
1559 2677 1813 2762 nsertio
1877 2697 2118 2751 autem
2175 2674 2485 2750 mediata

305 2771 436 2847 seu
472 2775 820 2873 epipetala
859 2772 1309 2847 necessariam
1362 2774 1627 2847 indicat
1670 2775 2101 2847 existentiam
2146 2772 2426 2846 corollae
2459 2832 2479 2862 ‚

239 2950 244 2954 ⁴
307 2868 739 2968 plerumque
805 2894 889 2942 ex
964 2866 1347 2944 observatis
1410 2894 1582 2943 tunc
1640 2869 2129 2968 monopetalae.
2190 2866 2483 2942 Insertio

310 2964 737 3039 immediata
771 2965 891 3038 vel
936 2965 1031 3037 est
1067 2971 1346 3063 absoluta
1380 2971 1454 3039 in
1497 2965 1880 3039 mediatam
1914 2967 2173 3037 mutari
2202 2962 2434 3037 nescia
2459 3024 2479 3053 ,
2538 3056 2563 3059 -

299 3058 488 3134 dt‘un
533 3061 804 3135 corolla
839 3057 1299 3160 supprimitur
1330 3122 1349 3151 ‚
1400 3084 1479 3136 ut
1521 3065 1596 3135 in
1644 3062 1996 3159 Apetalis;
2036 3061 2155 3134 vel
2203 3060 2297 3131 est
2310 3062 2482 3161 sim-7

291 3163 460 3252 plex
516 3160 592 3230 in
653 3156 1039 3231 mediatam
1104 3157 1406 3234 fortuito
1472 3157 1831 3232 mutabilis
1868 3217 1889 3248 ,
1968 3155 2146 3229 dum
2211 3155 2482 3230 corolla

308 3253 607 3326 existens
661 3278 809 3326 non
869 3255 1046 3351 gerit
1096 3253 1392 3326 stamina
1450 3256 1532 3328 ὃ(
1585 3276 1824 3327 tamen
1892 3247 2069 3326 ferre
2118 3248 2482 3324 interdum

299 3348 584 3446 potest,
633 3370 714 3421 ut
757 3352 829 3421 in
876 3346 1228 3448 plerisque
1267 3349 1694 3451 Polypetalis
1745 3374 2053 3451 quatum
2103 3346 2335 3447 petala
2399 3352 2482 3421 δέ

303 3444 613 3516 stamina
647 3503 667 3534 ‚
728 3440 969 3541 sapitis
1041 3470 1126 3516 ex
1189 3443 1445 3517 eodem
1507 3450 1775 3543 ριιῃᾶο
1840 3442 2135 3517 seorsim,
2186 3467 2479 3533 exorta,

307 3538 757 3639 quambque
804 3536 951 3613 basi
1021 3537 1443 3633 coalescuntt
1506 3542 1837 3615 Cara&er
1884 3544 2097 3637 igitur
2158 3564 2242 3612 ex
2296 3543 2487 3637 Ape-

306 3635 470 3711 talis
507 3695 528 3724 ‚
601 3635 834 3717 MQno
889 3637 1082 3711 etalis
1134 3638 1215 3711 &
1272 3636 1696 3741 Polypetalis
1760 3635 2163 3735 desumptus
2229 3638 2307 3710 δέ
2354 3659 2485 3733 pa·-

298 3751 460 3803 tens
523 3755 812 3804 commo
867 3732 904 3804 ὲ
954 3729 1386 3805 substituitur
1436 3739 1458 3819 (
1500 3737 1742 3832 paucis
1790 3735 2093 3831 exceptis
2138 3737 2163 3822 )
2218 3735 2298 3805 &
2349 3729 2482 3803 ad-

287 3829 632 3923 jungitur
694 3825 892 3926 signo
944 3830 1286 3925 primario
1354 3825 1472 3901 sed
1533 3827 1906 3903 occultiori
1944 3853 2041 3913 ,ex
2103 3822 2487 3926 respedtivo

285 3918 705 4011 ‚sexualium
764 3947 1203 4027 organorum
1261 3922 1392 4001 litu
1434 3982 1457 4021 ,
1527 3919 1645 3999 seu
1691 3925 1891 4026 quod
1951 3922 2143 3999 idem
2192 3922 2285 3995 est
2316 3982 2335 4014 ,
2400 3948 2489 3999 ex
