2646 4292
174 236 374 296 ticocca
411 216 588 296 coccis
620 232 767 295 inuis
818 228 1223 293 dehiscentibus
1262 226 1704 304 Euphorbiarum
1737 250 1913 292 more.
1953 231 2044 292 An
2082 231 2210 294 inde
2245 235 2335 295 di-

177 308 420 369 videndus
455 309 631 371 ordo?
672 315 753 368 An
789 309 978 367 contri
1017 305 1210 365 testinis
1249 306 1623 366 coordinanda
1657 305 1924 367 Rhamnis
1963 328 2165 383 genera
2201 329 2334 384 ger-

174 386 316 442 mine
347 382 524 443 infero
561 382 813 443 instruiia
838 428 855 453 ‚
891 399 952 439 ut
982 383 1229 439 Gouania
1252 425 1273 448 ,
1318 381 1624 439 Pleflronia
1666 388 1809 440 διαὶ
1848 384 2074 443 Corolia
2110 380 2334 442 submo-

172 459 415 529 nopetala
448 458 633 516 Ilicem
664 466 719 517 δε
753 453 997 517 confines
1031 453 1304 514 tantillum
1342 455 1601 517 admovet
1629 456 1836 527 Sapotis
1873 478 1925 528 p.
1958 475 2054 532 151
2083 503 2103 530 ,
2138 455 2335 521 habitu

171 548 278 590 non
313 530 525 603 proi-siis
561 526 801 592 dissonis.

170 709 2330 769 m

675 875 1423 964 CLASSIS
1551 881 1799 974 XV.

280 1079 705 1156 PLANTAE
779 1078 1630 1155 DICOTYLEDONES
1703 1067 2205 1161 APETALAE.

525 1264 1968 1347 STAMINAIDIOGYNQ

1149 1429 1346 1476 stu

316 1582 368 1637 A
468 1574 1166 1635 PISTILLO
1269 1568 2169 1639 SEGREGATA.

158 1699 258 1835 F
263 1770 588 1832 LORES
644 1772 838 1825 nunc
877 1752 1205 1824 mono'ici
1251 1745 1373 1821 seu
1413 1746 1711 1824 masculi
1744 1742 2096 1831 foemineis
2124 1763 2337 1839 mixti

157 1884 231 1954 in
287 1874 540 1950 effidem
589 1872 890 1972 plantz¹i3
955 1895 1150 1945 nunc
1207 1868 1429 1945 dio'ici
1476 1868 1593 1944 seu
1643 1874 1718 1945 in
1781 1874 1927 1948 uni
1974 1875 2270 1955 masculi
2306 1941 2332 1974 ,

156 1992 484 2076 foeminei
514 1996 588 2066 in
620 1991 843 2067 alterii
866 2019 883 2073 ς
910 2015 1107 2064 nunc
1144 1988 1481 2064 rariffime
1507 1990 2097 2092 hermaphroditi.
2128 1999 2337 2075 Calix

156 2112 496 2192 omnibus
543 2108 1056 2213 monophyllus
1104 2130 1228 2183 aut
1282 2104 1579 2216 squama
1636 2109 1933 2187 calicem
1983 2109 2337 2217 supplens,

155 2233 456 2310 Corolla
512 2228 755 2319 nulla,
813 2224 932 2301 sed
994 2223 1361 2301 interdum
1437 2224 1746 2329 squamae
1818 2253 1943 2306 aut
2013 2234 2337 2313 divisura:

152 2355 471 2431 calicinae
533 2351 897 2437 interiores
953 2343 1399 2446 petalo‘ideae.
1469 2345 1805 2424 Masculis
1864 2349 2157 2430 floribus
2213 2357 2339 2433 sta·-

148 2477 353 2548 mina
426 2473 578 2544 imo
656 2489 779 2543 aut
850 2464 1133 2544 summo
1204 2466 1410 2542 calici
1475 2489 1597 2542 aut
1662 2466 1972 2569 squamae
2039 2474 2339 2553 calicem

149 2591 511 2696 supplenti
563 2588 819 2664 inserta.
850 2648 872 2679 ,
934 2587 1230 2661 definita
1268 2610 1391 2661 aut
1439 2587 1662 2662 rarius
1706 2589 2078 2666 indefinita
2108 2655 2130 2684 ‚
2182 2596 2339 2672 fila-

151 2714 414 2788 mentis
480 2709 811 2785 distinffls
875 2728 1000 2781 aut
1061 2706 1285 2782 rarius
1341 2707 1613 2781 coalitis
1676 2709 1753 2780 in
1809 2710 2113 2809 stipitem
2170 2740 2338 2791 cen-

146 2831 405 2907 tralem
474 2829 514 2903 ὲ
586 2827 829 2903 medio
901 2824 1120 2901 calice
1192 2846 1507 2901 enatum.
1576 2826 1894 2901 Germen
1974 2826 2334 2910 foemineis
2448 2867 2454 2872 ·

149 2951 454 3051 simplex
496 2968 617 3023 aut
669 2946 1036 3022 interdum
1076 2946 1500 3045 multiplex,
1554 2942 1889 3045 superum
1944 2973 2068 3023 aut
2112 2954 2336 3029 rarius

147 3064 508 3152 inferum3
561 3067 770 3168 stylus
815 3071 1067 3141 unicus
1103 3088 1226 3139 aut
1269 3062 1648 3164 multiplex
1692 3089 1815 3138 aut
1846 3067 2009 3141 raro
2050 3070 2334 3157 nullus;

151 3186 411 3285 stigma
479 3183 776 3284 simplex
837 3205 962 3258 aut
1030 3181 1429 3282 multiplex.
1506 3180 1797 3257 Ρωέὶιιε
1867 3182 2152 3285 superus
2210 3212 2336 3264 aut

141 3302 473 3395 inferus,
522 3301 864 3376 stradiurz'i
919 3304 1002 3376 &
1052 3300 1469 3377 loculorum
1525 3327 1824 3375 numero
1874 3307 2133 3379 varius.

251 3497 405 3562 ons.
454 3491 585 3553 Jam
626 3491 686 3552 in
726 3490 931 3554 decem
984 3491 1252 3554 clastibus
1304 3489 1622 3553 numerosa
1673 3492 2013 3572 comparuit
2057 3493 2334 3559 ordinum

148 3591 665 3675 dicotyledonum
721 3590 903 3652 series
938 3637 958 3668 ,
1023 3609 1179 3652 nunc
1247 3590 1686 3672 impedimentis
1742 3589 1933 3652 soluta
1988 3592 2166 3673 pleno
2231 3597 2340 3659 de·-
2390 3617 2396 3624 ·

148 3711 409 3758 currens
445 3694 667 3768 traua,
700 3710 860 3772 nunc
895 3690 1209 3773 operofiiis
1259 3693 1591 3773 procedens
1637 3691 1983 3776 ambagibus
2027 3692 2339 3769 intricata,

147 3795 417 3861 sexubus
449 3799 507 3859 in
548 3794 760 3858 eodem
783 3792 933 3856 flore
965 3791 1297 3872 conjunffls
1327 3794 1672 3874 superbiens
1694 3838 1714 3866 ,
1737 3792 1798 3852 &
1836 3794 2152 3874 pauciores
2185 3799 2339 3862 datis

146 3899 616 3981 exceptionibus
635 3898 860 3979 plantas
881 3897 1098 3988 abortu
1119 3894 1367 3964 diclines
1387 3894 1721 3977 complexa.
1741 3893 2030 3958 Nonnulli
2049 3902 2341 3977 praetere&
