2646 4292
324 120 523 214 -xviij

348 255 616 322 omnlino
659 254 949 319 vestiente
974 296 995 329 ‚
1049 271 1204 316 nunc
1250 251 1465 336 partim
1526 252 1899 335 amplexante
1954 266 2057 317 aut
2099 248 2329 317 tantum
2390 252 2545 318 hinc

350 358 683 443 applicit03
716 357 825 419 vel
862 357 923 418 in
956 354 1215 436 ejusdem
1254 351 1600 436 perispermi
1641 355 1896 435 maioris
1926 354 2177 416 foveola
2221 354 2548 417 delitescit.

426 440 802 522 Enumeratis
838 456 1166 540 plantarum
1205 454 1474 536 partibus
1513 455 1736 517 cursim
1778 455 2062 519 addendae
2095 455 2228 518 sunt
2250 454 2544 539 quaedam

350 562 553 625 minus
589 560 957 635 effentiales,
1003 576 1129 621 tum
1177 557 1438 620 bracteae
1471 556 1712 621 florales
1752 559 1817 621 &
1854 557 2141 621 foliorum
2192 556 2420 640 stipulae
2468 557 2548 618 δι

198 720 199 727 ,
298 686 305 701 ³
348 664 607 749 spinosae
624 681 727 726 aut
741 663 1020 726 aculeatae
1042 663 1401 746 propagines
1422 662 1541 749 jam
1562 662 1812 746 prolatae
1835 684 1855 737 ;
1877 681 2006 727 tum
2022 662 2254 745 insuper
2271 664 2547 744 gemmae

36 2834 310 2886 caracteres.

342 767 613 830 seorsum
659 767 757 827 vel
798 763 968 827 fimul
1010 764 1249 829 florales
1277 765 1341 824 δε
1370 764 1641 828 foliaceae
1663 809 1685 836 ,
1718 764 1990 847 plurimis
2034 764 2321 827 concess'ae
2351 764 2551 828 arbo-

347 870 517 931 ribus
535 868 813 929 &herbis
837 867 1175 947 denegatae3
1195 866 1379 928 cirrhi
1403 866 1436 926 s
1432 866 1645 949 pirales
1670 866 1908 930 indivisi
1929 882 2033 929 aut
2053 865 2295 936 ramofi,
2315 864 2554 946 plantis

347 969 762 1033 scandent-ibus
786 966 986 1031 fulcro
1020 968 1328 1050 alligandis
1362 966 1575 1043 utiles3
1611 967 1715 1049 pili
1747 987 1860 1049 pro
1894 967 2149 1030 vasculis
2177 970 2554 1031 excretoriis

344 1071 586 1155 habiri3
638 1070 793 1131 succi
839 1070 1174 1153 plantarum
1209 1067 1471 1155 colorati
1508 1068 1884 1132 lactescentes
1922 1084 2027 1132 aut
2066 1069 2214 1132 lutei
2253 1085 2354 1132 aut
2395 1068 2550 1131 san-

344 1172 557 1255 guinei
608 1171 771 1246 διας
814 1169 1108 1252 glandulae
1160 1166 1345 1232 succis
1390 1171 1761 1234 secernendis
1816 1169 2067 1234 idoneae.
2111 1171 2256 1233 Non
2311 1168 2548 1233 menda

342 1291 587 1355 quoque
610 1272 918 1354 inaequalis
936 1272 1224 1335 seminum
1241 1271 1600 1353 germinatio
1616 1273 1858 1334 citatior
1881 1290 1985 1334 aut
2008 1271 2239 1334 tardior
2260 1317 2278 1347 ,
2308 1272 2367 1332 in
2395 1271 2547 1334 aliis

339 1372 542 1435 multo
571 1374 705 1454 post
733 1374 1194 1435 maturationem
1239 1372 1423 1435 facile
1456 1374 1793 1455 peragenda
1820 1418 1839 1451 ,
1878 1374 1938 1434 in
1975 1374 2105 1436 aliis
2133 1373 2301 1435 ocius
2330 1373 2552 1434 neces-

340 1474 500 1538 sario
539 1474 906 1551 inchoanda,
944 1474 1202 1537 forsan
1183 1497 1216 1535 a
1250 1474 1404 1537 statu
1437 1475 1708 1551 corculi,
1740 1494 1896 1537 nunc
1919 1475 2136 1557 absque
2160 1474 2548 1556 perispermo

341 1577 536 1657 magni
569 1576 631 1638 ἃ
663 1574 1023 1639 valentioris
1046 1621 1066 1651 ‚
1110 1595 1268 1639 nunc
1300 1576 1456 1638 intra
1487 1577 1918 1658 perispermum
1949 1576 2267 1640 exsuccum
2302 1574 2552 1638 tenuis-

336 1676 471 1738 fimi
511 1695 657 1737 mox
705 1675 1039 1738 arescentis.
1095 1676 1236 1738 Non
1287 1676 1793 1758 praetermittenda
1839 1677 2217 1750 florarionis,
2274 1594 2633 1987 frufflq?

338 1777 596 1839 cationis
620 1778 683 1839 &
705 1773 1166 1840 frondescentiae
1193 1795 1474 1860 tempora
1512 1778 1573 1838 in
1608 1778 1859 1839 diversis
1891 1777 2126 1858 plantis
2136 1796 2258 1839 non
2283 1768 2356 1838 ea*

341 1877 405 1938 in
443 1877 793 1960 quibusdam
832 1879 1047 1940 brevia
1070 1899 1140 1963 ac
1165 1879 1655 1961 circumscripta,
1689 1883 1747 1940 in
1789 1880 1923 1942 aliis
1946 1879 2354 1961 protractior-a.
2463 1882 2549 1942 b-

343 1978 648 2040 morandae
688 1979 865 2041 etiam
902 1979 1129 2041 diurnae
1158 1979 1378 2042 florum
1421 1980 1851 2043 nonnullorum
1876 1979 2316 2062 explicationes
2348 1981 2630 2062 praes-

342 2079 561 2141 stitutis
599 2079 769 2142 horis
817 2079 1183 2162 exequendae
1224 2099 1295 2142 ac
1343 2079 1513 2142 fimul
1557 2078 1860 2161 quoddam
1900 2079 2098 2142 Florae
2145 2079 2549 2163 horologium

344 2181 732 2255 exhibentes-3
769 2182 833 2241 &
870 2182 1159 2243 matutina
1197 2181 1487 2244 foliorum
1528 2181 1587 2242 in
1624 2182 1841 2262 plantis
1873 2180 2226 2263 quibusdam
2245 2183 2546 2263 expansio

343 2283 524 2363 quam
577 2277 916 2364 vespertina
963 2283 1358 2366 consequitur
1403 2285 1743 2346 contractio
1786 2284 2057 2346 somnum
2109 2282 2381 2346 stmulans
2408 2305 2429 2360 ;
2461 2285 2548 2364 ὃς

346 2382 734 2466 quarumdam
757 2384 814 2444 in
833 2384 966 2455 aliis
993 2385 1253 2465 partium
1280 2385 1651 2447 irritabilitas
1671 2385 2064 2447 ulterioribus
2091 2386 2545 2466 experimentis

347 2485 682 2546 illustranda
712 2505 783 2547 ac
820 2487 1287 2569 comprobanda.
1316 2486 1433 2548 Eas
1463 2505 1659 2550 tamen
1693 2505 1818 2547 non
1846 2484 2001 2547 ultra
2030 2484 2200 2565 juvat
2227 2501 2424 2568 partes
2457 2507 2544 2552 ac

346 2585 675 2652 functiones
716 2588 965 2651 minoris
997 2603 1159 2650 notae
1196 2587 1260 2650 ὅτ.
1295 2588 1356 2649 in
1387 2587 1497 2650 usu
1537 2589 1824 2652 botanico
1854 2589 2068 2669 partim
2108 2589 2340 2651 omiffas
2369 2609 2549 2656 nunc

346 2686 659 2749 evolvere.

424 2787 516 2849 Ex
552 2787 965 2870 praenuntiatis
993 2790 1250 2870 partium
1291 2786 1646 2851 differentiis
1672 2787 1973 2872 plerisque
2010 2786 2414 2853 exterioribu’s
2436 2792 2555 2857 de-

346 2889 646 2953 ducuntur
692 2890 855 2972 ligna
902 2890 1346 2954 distinctionum
1388 2890 1692 2955 exteriora
1736 2890 1976 2972 quidem
2006 2937 2026 2966 ,
2075 2891 2169 2952 sed
2226 2892 2553 2960 interioris

347 2990 652 3054 stru&urae
696 2994 942 3055 modum
982 2994 1418 3074 exprimentia,
1459 2999 1596 3076 quae
1633 3001 1944 3056 camanum
1982 2990 2229 3056 nomine
2269 2994 2550 3057 innotes-

346 3108 523 3162 cunt,
568 3111 683 3171 pro
723 3092 905 3154 certis
949 3093 1217 3156 habenda
1264 3093 1691 3174 vegetandum
1731 3091 2188 3173 organisationis
2223 3090 2287 3154 δι
2315 3112 2547 3162 eorum

293 3225 297 3229 >
345 3193 491 3255 ideo
522 3208 751 3253 naturae
781 3192 1418 3256 indiciis.'Cara&eres
1451 3208 1652 3255 autem
1677 3238 1695 3268 ‚
1735 3194 1871 3253 veri
1909 3192 2383 3276 disquifitionum
2425 3198 2552 3260 bo·

348 3292 685 3355 tanicarum
723 3292 915 3362 fines,
963 3293 1176 3374 plantis
1222 3291 1630 3375 dignoscendis
1671 3312 1741 3354 ac
1781 3292 2134 3356 definiendis
2177 3294 2494 3358 necessarii
2523 3345 2552 3371 ,

348 3394 784 3475 distinguuntur
822 3392 1057 3458 ratione
1092 3395 1322 3483 numeri
1360 3395 1425 3455 δι
1455 3394 1799 3476 praestantiae
1840 3394 1900 3456 δι
1944 3409 2167 3457 mutuae
2205 3393 2557 3464 affinitati&

346 3494 554 3559 Primo
596 3490 835 3574 quidem
882 3491 1280 3574 fimpliciffimi
1328 3493 1657 3555 caracteres
1704 3491 1968 3557 seorsum
2025 3493 2266 3574 expenfi
2305 3498 2548 3562 coeunt

348 3596 413 3659 in
457 3592 822 3676 compofitos
858 3612 932 3656 ex
960 3595 1255 3677 aliquibus
1292 3594 1462 3658 fimul
1501 3595 1754 3674 junctis,
1791 3611 1894 3656 aut
1933 3595 2087 3657 ultra
2125 3595 2187 3656 in
2226 3597 2552 3675 generales

348 3716 420 3758 ex
452 3692 798 3775 compositis
840 3692 1066 3771 factos,
1106 3713 1208 3759 aut
1256 3695 1558 3759 demum
1534 3716 1597 3757 tn
1639 3693 2041 3758 universalem
2085 3714 2299 3759 omnes
2335 3698 2546 3780 Vege-

348 3786 531 3860 tantis
561 3808 769 3889 partes
815 3793 881 3855 δι
919 3795 1141 3858 modos
1161 3796 1651 3879 complectentem
1674 3816 1839 3878 ‚quo
1878 3795 2258 3860 constituitur
2294 3797 2548 3864 habitus

345 3884 667 4013 unicusque
692 3896 907 3979 plantae
930 3899 1210 3980 proprius
1230 3899 1299 3962 δι,
1321 3899 1685 4017 consequens
1725 3897 1990 3978 ejusdem
2021 3903 2233 3962 natura
2268 3901 2548 3966 exterius
