2646 4292
292 213 431 289 230

284 332 415 411 eius
443 330 660 394 intuitu
685 329 917 412 generis
953 329 1396 392 indeterminati
1436 329 1609 392 locus
1643 333 1925 396 naturalis
1965 335 2337 398 concluditur
2374 351 2467 397 aut

292 433 686 495 confirmatur
731 454 748 492 :
783 431 1103 494 Gortlonia
1159 431 1498 492 Malvaceis
1541 433 1773 496 accedit
1808 433 1967 496 lobis
2008 438 2236 499 corculi
2271 457 2471 499 corru-

291 535 480 615 gatis;
523 534 891 596 Hermannia
920 533 1127 595 habitu
1165 533 1486 595 Malvacea
1508 579 1529 609 ‚
1550 534 1922 617 perispermo
1946 539 2195 600 carnoso
2212 540 2471 600 Tiliacea

293 636 512 700 remus
544 636 862 716 judicatur.
894 635 1007 697 Sed
1037 636 1098 694 in
1138 635 1271 695 aliis
1306 636 1601 698 notiffima
1638 638 1876 700 seminis
1910 639 2232 714 (studium,
2266 641 2324 701 in
2350 639 2474 700 aliis

292 738 545 802 omnino
589 753 692 799 aut
728 729 938 818 partim
982 739 1293 818 ignoratur
1338 759 1460 819 prae
1493 742 1703 822 organi
1739 742 2027 803 tenuitate
2056 757 2159 802 aut
2192 739 2472 801 observa·

293 841 529 902 tionum
578 837 848 910 defectu,
906 838 1242 921 danturque
1290 842 1585 922 praeterea
1631 843 1758 905 tum
1810 844 2025 924 plantae
2068 843 2197 905 tum
2241 842 2476 905 ordines

294 940 530 1023 aspeelu
559 940 802 1017 affinae,
840 941 1142 1003 dissimiles
1180 942 1412 1005 corculi
1446 943 1593 1015 fitu3
1639 945 1718 1006 sic
1759 946 1816 1005 in
1857 945 2062 1006 Meliis
2105 963 2319 1025 genera
2365 945 2475 1006 alia

290 1043 661 1124 perispermo
685 1043 963 1106 instruc'ca
994 1089 1013 1116 ‚
1050 1045 1167 1106 alia
1204 1046 1417 1106 eodem
1452 1048 1662 1108 orbata
1691 1068 1711 1119 3
1746 1048 1824 1109 fic
1854 1047 2141 1110 Tiliaceae
2169 1048 2206 1108 a
2240 1046 2477 1108 Malva·

289 1145 413 1206 ceis
455 1144 739 1208 recedunt
779 1162 880 1207 aut
918 1148 955 1207 a
995 1147 1243 1208 Viribus
1282 1147 1557 1229 quaedam
1601 1148 1820 1211 Meliae.

371 1245 606 1310 Interea
639 1247 701 1308 in
736 1248 964 1311 difficili
1010 1252 1259 1331 negotio
1300 1271 1737 1332 praeponuntur
1766 1251 2240 1315 Ran'unculaceae
2271 1251 2482 1333 quibus

288 1361 358 1409 ut
397 1349 461 1407 8<
502 1348 908 1412 Umbelliferis
944 1350 1237 1432 praeceffis
1273 1354 1586 1413 corculum
1633 1353 1691 1414 in
1734 1352 1983 1435 superna
2012 1347 2365 1435 perispermi
2398 1349 2482 1412 so-

289 1450 396 1511 lidi
419 1450 684 1514 cavitate
708 1452 1019 1513 minimum
1048 1452 1350 1516 delitescit.
1377 1453 1771 1535 Subsequitur
1802 1456 2083 1517 ordinum
2119 1455 2481 1537 perispermo

294 1550 712 1614 destitutorum
738 1552 917 1615 series
934 1553 1249 1614 numerosa
1275 1553 1487 1635 parum
1504 1554 1831 1636 interrupta
1852 1555 1916 1615 &
1937 1556 1997 1616 in
2021 1553 2251 1636 fingulo
2272 1575 2479 1617 eorum

291 1652 565 1714 confinio
609 1653 827 1735 saepius
867 1653 1075 1736 sponte
1119 1673 1412 1716 connexa.
1464 1654 1631 1716 Pone
1675 1654 1930 1717 subeunt
1968 1658 2286 1738 pauciores
2332 1656 2485 1737 peri·

286 1751 538 1832 spermo
581 1752 1167 1815 carnoso'instrucli.
1210 1754 1463 1816 Classem
1501 1753 1828 1816 absolvunt
1876 1756 2354 1838 Caryophylleae
2387 1775 2483 1837 pe·

292 1854 589 1936 rispermo
629 1854 939 1919 farinaceo
981 1856 1189 1918 affines
1235 1856 1542 1937 prioribus
1587 1857 2071 1938 decimaequartae
2106 1858 2297 1920 claffis
2326 1858 2481 1920 ordi-

293 1956 495 2018 nibus,
531 1957 615 2019 Ea
655 1974 852 2019 tamen
890 1955 1074 2020 series
1104 1957 1407 2018 nonnullis
1436 1958 1794 2038 deturpatur
1816 1958 1993 2021 nodis
2025 1976 2132 2020 aut
2171 1958 2486 2041 aliquando

294 2059 736 2122 intermittitur.
777 2059 1044 2124 Ordines
1083 2059 1330 2142 quidam
1376 2079 1498 2122 non
1540 2059 1851 2135 absoluti3
1888 2061 2131 2143 quidam
2177 2061 2486 2142 generibus

299 2161 501 2223 minus
540 2162 818 2224 affinibus
857 2164 930 2224 ad
965 2164 1190 2226 calcem
1237 2163 1514 2247 repofitis
1558 2164 1840 2245 gravati3
1873 2163 2115 2269 quidam
2142 2165 2176 2227 ὰ
2208 2162 2489 2246 proximis

298 2262 596 2325 c'araElere
639 2263 1009 2340 diffidentes,
1052 2267 1151 2328 sed
1195 2267 1329 2329 aliis
1374 2267 1438 2328 in
1484 2266 1693 2329 eadem
1744 2265 1916 2328 classe
1965 2285 2090 2328 non
2141 2266 2493 2341 similiore53

296 2362 696 2446 oppofitifolii
733 2365 1112 2430 alternifoliis
1147 2368 1363 2450 passim
1400 2369 1771 2443 intermixti3
1811 2368 2114 2450 stipulacei
2137 2368 2253 2428 ab
2238 2368 2487 2430 invicem

300 2467 667 2551 quandoque
697 2470 1314 2552 distantes-Ambigua
1352 2469 1590 2552 insuper
1611 2471 1690 2543 „in
1722 2470 2027 2532 nonnullis
2058 2469 2371 2531 staminum
2410 2470 2493 2529 in·

299 2568 533 2648 sert10‚
567 2591 686 2634 una
728 2573 968 2655 quidem
1010 2573 1070 2633 in
1108 2572 1375 2654 lingulis,
1421 2571 1521 2633 sed
1564 2571 1726 2653 quast
1763 2571 1838 2633 ad
1878 2571 2113 2632 libitum
2157 2571 2491 2653 hypogyna

296 2684 408 2735 'aut
448 2674 780 2757 perigyna,
824 2677 967 2739 dum
1007 2676 1237 2740 scilicet
1272 2677 1522 2739 stamina
1551 2696 1677 2738 non
1714 2657 2061 2738 immediate
2088 2674 2194 2738 sub
2237 2676 2494 2756 germine

300 2773 405 2836 sed
452 2775 772 2858 depreflius
811 2779 1183 2852 inseruntur,
1218 2779 1345 2842 tiun
1389 2780 1446 2841 ei
1489 2781 1712 2861 puncto
1750 2797 1876 2861 quo
1918 2777 2116 2860 pistilli
2151 2776 2409 2839 fulcrum
2437 2776 2494 2837 δε

301 2877 555 2940 calicina
589 2879 741 2942 baiis
778 2898 1001 2943 coeunt
1039 2883 1100 2943 in
1137 2882 1306 2944 floris
1331 2881 1772 2964 pedunculum,
1803 2880 1930 2943 timi
1960 2877 2313 2961 glanduloso
2339 2877 2495 2941 disco

265 3036 268 3037 γ
298 2978 527 3040 ibidem
570 2982 936 3063 prominulo.
969 2981 1182 3046 Talem
1218 2983 1505 3045 exhibent
1547 2982 1852 3064 praecipue
1888 2981 2184 3047 Aurantia
2210 3028 2228 3054 ,
2261 2980 2493 3053 Meliae‚

298 3078 506 3141 Acera
549 3123 571 3149 ,
629 3081 690 3140 in
734 3081 1047 3145 staminum
1093 3083 1528 3165 perigynorum
1575 3080 1749 3143 claffe
1797 3082 1971 3143 antea
2016 3080 2298 3143 recensita
2336 3127 2356 3154 ‚
2408 3076 2496 3141 sed

304 3178 579 3261 Sapindis
610 3224 632 3252 ,
686 3182 1039 3263 Malpighiis
1090 3182 1153 3243 &
1187 3182 1436 3243 Viribus
1494 3180 1697 3250 affinia
1742 3180 2001 3263 ideoque
2056 3180 2131 3241 iis
2182 3182 2337 3242 inter
2392 3180 2498 3259 hy-

302 3301 553 3364 pogyna
591 3302 746 3345 nunc
781 3284 1027 3365 adjecta.
1056 3286 1154 3348 An
1196 3286 1415 3348 iterato
1451 3272 1851 3346 insertionum
1882 3286 2156 3346 examine
2190 3279 2499 3345 memorati

306 3386 554 3447 ordines
600 3387 911 3469 perigynis
955 3387 1301 3454 restituendi
1327 3432 1351 3460 ,
1382 3387 1603 3469 aliique
1642 3387 1846 3470 plures
1884 3385 2098 3449 eodem
2141 3383 2497 3463 conjunctim

312 3486 608 3568 migrandi
650 3509 672 3563 3
740 3508 816 3552 an
880 3490 1085 3572 potius
1146 3491 1498 3554 insertiones
1561 3490 1858 3571 ambiguae
1918 3508 2146 3551 novam
2206 3485 2500 3568 designant

307 3587 539 3650 claffem
586 3591 742 3654 inter
786 3592 1151 3678 hypogynas
1194 3594 1259 3656 &
1302 3595 1626 3677 perigynas
1659 3593 1916 3656 mediam
1955 3592 2015 3654 δι
2051 3589 2335 3672 utrasque
2363 3604 2501 3650 con·

313 3690 646 3753 nectentem
674 3693 699 3753 ἓ

389 3791 563 3853 Alter
608 3793 994 3860 insertionum
1041 3799 1261 3862 modus
1303 3799 1365 3860 in
1417 3798 1587 3861 claffe
1632 3796 1933 3860 notandus
1976 3792 2185 3856 sedulo
2212 3837 2231 3866 2
2267 3789 2501 3871 infignss

313 3889 453 3953 hinc
499 3893 559 3955 in
616 3895 949 3961 Malvaceis
977 3946 995 3975 ,
1046 3900 1185 3962 inde
1251 3901 1310 3962 in
1368 3899 1877 3984 Caryophylleis.
1929 3896 2207 3958 Priorum
2262 3892 2499 3954 stamina

310 3995 471 4081 saepe
513 3995 824 4060 indefinita
866 3999 1190 4089 filamentis
1231 4002 1575 4068 coalescunt
1605 4005 1669 4067 in
1708 4001 1984 4068 tubulum
2030 3999 2128 4062 cui
2168 3994 2357 4081 petala
2387 3990 2498 4056 bafi
