2646 4292
343 76 550 169 xlviij
1541 104 1550 131 x

186 279 194 297 ,
343 216 642 280 rationem
663 212 923 296 explicat
937 210 1204 274 maxima
1217 209 1467 274 corollae
1482 204 1737 276 affinitas
1748 230 1885 281 eum
1908 210 2252 278 staminibus
2266 228 2553 298 quorum

236 304 243 309 ⁴
342 296 419 380 ex
447 316 618 379 dietis
650 338 707 394 p.
737 340 793 376 ν.
830 313 911 395 vj.
939 311 1043 391 xvj
1120 331 1269 375 vera
1296 311 1381 373 est
1411 313 1703 396 appendix
1728 315 1790 376 δι
1816 314 1977 397 quafi
2009 335 2146 398 pars
2180 316 2552 385 luxurians,

293 420 300 429 “
341 438 420 481 ex
458 416 676 479 eodem
719 411 1102 496 receptaculo
1145 428 1340 474 enata.
1372 412 1523 475 Haec
1556 413 1700 477 ditm
1739 415 1878 497 ipsis
1914 436 2039 480 non
2071 417 2334 481 adhaeret
2365 462 2388 491 ‚
2429 417 2554 478 mi-

338 519 509 582 noris
561 518 647 581 est
710 516 1049 589 momenti3
1100 513 1243 576 dtun
1297 515 1512 589 contra
1560 536 1699 579 cum
1741 517 1948 581 iisdem
2001 518 2150 581 infra
2195 518 2491 581 coalescit
2523 563 2558 590 ,

337 637 484 682 tunc
522 618 685 701 quasi
728 613 1085 679 staminifera
1132 633 1204 676 ac
1259 614 1516 715 subinde.⁴
1566 617 1891 680 necessario
1938 620 2189 681 existens
2211 667 2231 697 ,
2271 618 2553 681 fulcrum

337 719 520 783 refert
566 717 992 803 intermedium
1047 713 1217 794 cujus
1268 716 1519 797 propria
1570 715 1818 780 insertio
1864 717 2159 782 stamineae
2218 717 2558 782 insertioni

338 820 655 902 subrogata
677 868 697 898 ‚
741 820 879 881 huic
920 818 1169 881 omnino
1210 817 1515 895 assimilata
1545 864 1574 901 ,μ
1605 821 1901 882 conversa
1933 822 1996 883 in
2034 807 2390 884 caracterem
2440 820 2562 885 es-

339 920 646 985 sentialem
679 966 698 996 ‚
734 939 871 983 cum
910 919 1102 981 'tribus
1156 918 1462 1001 praemiffis
1498 919 1927 983 insertionibus
1968 920 2241 984 seorsum
2295 941 2551 985 conve-

343 1024 451 1085 nit.
504 1021 647 1083 Inde
682 1023 917 1105 stamina
968 1020 1176 1081 corollae
1220 1028 1433 1085 adnexa
1486 1019 1740 1081 habentur
1778 1024 1932 1101 quast
1973 1024 2166 1104 inserta
2207 1023 2355 1100 parti
2400 1042 2556 1085 mne

346 1123 699 1207 corolliferae3
741 1120 878 1185 inde
918 1123 1098 1184 etiam
1135 1121 1354 1201 triplex
1390 1119 1688 1201 ipsiusmet
1730 1123 1980 1184 corollae
2027 1121 2403 1185 staminiferae
2444 1125 2558 1188 di-

350 1200 669 1286 itersiffima
701 1237 862 1286 extat
886 1221 1168 1297 insertio,
1195 1220 1412 1302 nempe
1435 1220 1771 1303 hypogyna
1788 1269 1808 1299 ‚
1829 1225 2091 1305 epigyna
2116 1227 2177 1287 ὃ(
2201 1226 2511 1306 perigyna
2531 1275 2559 1306 ,

345 1325 410 1387 in
453 1325 666 1387 eodem
712 1322 924 1384 ordine
969 1321 1274 1403 nunquam
1313 1321 1689 1401 promiscua,
1728 1321 1791 1384 in
1833 1322 2110 1405 Labiatis=
2143 1323 2374 1408 semper
2415 1327 2562 1407 hy-

344 1444 629 1508 pogyna,
671 1424 730 1486 in
771 1423 1142 1506 Compositis
1182 1424 1464 1506 epigyna.
1501 1432 1507 1444 ·

423 1527 666 1608 Duplex
710 1527 892 1609 igitur
930 1524 1182 1588 corollae
1220 1525 1518 1588 beneficio
1553 1528 1846 1608 generalis
1897 1529 2150 1592 habetur
2191 1528 2414 1592 modus
2445 1530 2566 1594 in-

346 1629 671 1692 sertionum
718 1628 1016 1691 notandus
1056 1627 1263 1691 sedulo
1292 1676 1315 1707 ,
1363 1627 1511 1691 alter
1554 1630 1888 1692 immediatus
1927 1630 2072 1694 ditm
2112 1630 2360 1693 stamina
2407 1651 2566 1697 me-

349 1732 590 1793 morato
629 1731 851 1812 triplici
886 1732 1110 1815 ριιηᾶο
1149 1731 1496 1795 immediate
1521 1733 1884 1814 affiguntur,
1918 1734 2067 1796 alter
2098 1734 2363 1795 taediatus
2388 1732 2570 1799 ditm

346 1830 543 1894 eidem
583 1831 886 1895 adhaerent
925 1832 1222 1895 mediante
1265 1832 1498 1911 corolla
1534 1853 1670 1916 quae
1707 1849 1851 1897 tunc
1882 1832 2009 1915 ipsa
2045 1833 2130 1897 est
2160 1833 2572 1900 staminifera.

348 1935 619 2015 Uterque
669 1932 884 1995 modus
925 1933 986 1995 in
1027 1934 1242 1996 eodem
1292 1952 1510 2014 genere
1553 1935 1620 1996 &
1668 1935 1730 1996 in
1774 1935 1990 1998 eodem
2028 1935 2181 1998 flore
2231 1934 2568 2007 interditm

346 2036 748 2107 commixtus,
788 2033 1259 2097 affinissubinde
1288 2036 1456 2096 certo
1493 2031 1792 2117 judicatur
1812 2081 1833 2111 ‚
1877 2036 2065 2098 modo
2102 2055 2299 2100 tamen
2323 2037 2567 2103 eadem

346 2134 420 2198 fit
460 2136 761 2219 utriusque
802 2137 979 2217 origo
1016 2137 1081 2199 δι
1114 2136 1313 2216 simile,
1344 2136 1689 2200 insertionis
1727 2136 2028 2221 punkium.
2052 2138 2152 2202 Sic
2178 2138 2568 2214 inTrifolio

347 2239 665 2322 perigynia
695 2238 1031 2310 immediata
1060 2239 1286 2320 signato
1307 2283 1328 2313 ,
1359 2239 1632 2320 quaedam
1666 2240 1892 2322 species
1922 2241 2187 2303 eamdem
2217 2239 2570 2308 mediatam

343 2340 632 2403 exhibent
657 2382 679 2410 ,
720 2339 935 2423 nempe
979 2338 1270 2402 corollam
1311 2339 1732 2404 staminiferam
1767 2341 2081 2423 ipsammet
2124 2342 2507 2424 perigynam
2536 2369 2569 2422 ,-

341 2441 408 2501 in
444 2438 688 2503 Dianthi
725 2441 878 2503 flore
925 2442 1137 2503 dantur
1176 2441 1421 2504 stamina
1465 2443 1731 2526 quinque
1772 2443 2114 2506 immediate
2151 2439 2512 2526 h'ypogyna
2539 2495 2569 2526 ,

341 2541 409 2602 &
444 2541 636 2626 petala
668 2542 931 2624 quinque
951 2542 1047 2603 his
1066 2540 1447 2619 alternantia,
1479 2541 1839 2607 staminifera
1868 2543 2041 2606 fimul
2074 2544 2137 2605 δι
2175 2534 2570 2626 hypogyna.

340 2640 499 2705 Tres
535 2643 670 2707 ideb
709 2644 1025 2726 praecipuae
1066 2641 1199 2705 sunt
1239 2644 1593 2707 insertiones
1628 2645 1704 2706 ab
1733 2644 1998 2707 invicem
2022 2644 2271 2717 ‚omnino
2307 2643 2568 2711 discre-

331 2761 546 2822 pantes
592 2746 745 2807 &in
788 2744 1101 2806 ordinibus
1135 2746 1437 2826 nunquam
1478 2744 1848 2826 conjun&ae‚
1877 2766 2013 2829 quae
2041 2745 2278 2826 singulae
2317 2745 2382 2806 in
2420 2747 2571 2812 du*

336 2844 554 2924 plicem
593 2848 731 2908 raro
771 2846 1204 2926 miscellaneam
1227 2891 1247 2921 ,
1275 2851 1487 2910 mutuo
1526 2864 1725 2911 tamen
1763 2847 1998 2911 affinem
2042 2847 2417 2909 dividuntur.

69 2983 290 3034 claffium
420 2946 729 3029 Perspeffl
763 2946 1076 3009 staminum
1112 2947 1434 3012 insertione
1474 2949 1539 3012 &
1578 2949 1808 3011 statutis
1848 2948 2110 3030 ejusdem
2146 2947 2408 3029 legibus,
2460 2950 2573 3017 fa-

9 3043 475 3134 ¹>tiquidistri-*cilis
523 3047 754 3110 eruitur
800 3049 993 3130 prima
1036 3048 1292 3110 claffium
1336 3049 1765 3130 praemissarum
1817 3048 2177 3111 distributio.
2226 3049 2575 3132 Acotyle-

9 3125 317 3238 ῗζῖξῗοῖξξὲ
347 3151 534 3212 dones
569 3149 826 3212 sexubns
859 3150 968 3209 vix
1004 3149 1350 3231 conspicuis
1385 3149 1448 3210 δι
1486 3149 1808 3212 obscurato
1845 3150 2161 3213 staminum
2202 3145 2311 3212 situ
2333 3197 2354 3225 ‚
2387 3153 2579 3217 clas-

9 3256 248 3337 tammum
345 3250 518 3314 sicam
544 3251 768 3312 idcirco
793 3247 1093 3332 nequeunt
1119 3249 1385 3312 sufficere
1399 3267 1602 3312 notam
1632 3250 1694 3312 δι
1713 3249 1950 3312 interim
1969 3248 2242 3312 indivisae
2259 3250 2579 3333 perstant.

9 3327 263 3377 nsetuone.
342 3353 676 3436 Tripartito
719 3352 1067 3414 scinduntur
1105 3354 1708 3435 Monocotyledones
1741 3354 1980 3416 ratione
2022 3352 2364 3416 insertionis
2408 3361 2576 3438 epi-

339 3474 565 3537 gynae,
619 3455 969 3535 hypogynae
1033 3456 1097 3515 &
1154 3457 1507 3536 perigynae,
1560 3472 1685 3517 non
1747 3454 2016 3517 obstante
2064 3452 2302 3517 corolla
2345 3453 2438 3514 in·
2469 3458 2574 3523 iis

338 3537 572 3637 semper
607 3555 937 3618 deficiente.
980 3554 1203 3617 Similis
1242 3577 1319 3619 ex
1352 3557 1576 3638 triplici
1608 3556 1936 3619 insertione
1961 3539 2278 3619 deducitur
2301 3555 2578 3627 trifaria

340 3657 861 3738 Dicotyledonum
902 3656 1193 3738 partitio,
1242 3677 1619 3740 unaquaeque
1660 3657 2062 3738 compleaens
2108 3674 2234 3720 tum
2284 3651 2576 3728 stamina

341 3760 446 3823 uni
484 3758 648 3823 floris
666 3757 886 3841 puncto
919 3757 1136 3823 inserta
1157 3804 1176 3838 ‚
1210 3776 1342 3824 tum
1370 3749 1636 3826 corollas
1667 3757 2059 3825 staminiferas
2089 3757 2281 3823 eidem
2309 3763 2574 3838 ρυηέὶο

1156 3855 1161 3861 ’
1320 3865 1321 3872 ’
1732 3867 1739 3884 ’
2210 3867 2220 3876 ’
2294 3859 2573 3934 infixas,
