2646 4292
2166 146 2288 198 XXI

104 259 170 323 δι
188 263 457 345 quadam
488 260 892 346 designatione
924 261 988 323 δι
1013 223 1258 324 historia
1282 258 1346 321 δι
1369 260 1660 323 Veterum
1688 258 2044 343 synonymia
2064 258 2293 378 summe

106 368 585 432 commendandi.

176 467 419 531 Interea
475 468 656 532 nullis
711 469 976 531 adstriGia
1024 467 1254 549 legibus
1296 466 1582 529 flufiiuans
1630 464 1933 527 obmutuit
1985 464 2292 528 scientia
2269 512 2292 541 ‚

103 567 296 631 donec
345 571 750 633 intellexerint
787 569 1063 633 Botanici
1111 588 1243 632 eam
1287 567 1350 629 in
1399 567 1760 635 caraEierum
1807 564 2294 646 investigatione,

103 668 161 730 in
199 673 491 752 generica
534 671 859 753 specierum
898 671 1319 745 connexione,
1369 670 1430 730 in
1483 667 1758 730 ulteriori
1799 685 2079 747 generum
2131 667 2294 729 ordi-
2426 738 2430 743 ,

109 752 347 834 uitione
383 773 728 855 praeprimis
766 772 1042 847 versari,
1078 771 1196 831 &
1181 791 1242 832 tn
1285 769 1676 831 conficiendis
1712 768 2027 849 generibus
2061 783 2162 830 aut
2192 787 2296 830 or·
2333 830 2338 833 ,
2379 818 2384 822 .

106 871 361 934 dinibus
387 872 686 954 quosdam
731 892 853 954 prae
893 871 1131 934 caeteris
1179 869 1549 932 adhibendos
1591 867 1705 930 effe
1759 866 2101 929 caracteres.
2153 867 2296 929 Non

105 970 229 1035 hac
284 989 495 1036 tamen
551 973 819 1037 docirina
868 971 1173 1035 confestim
1225 971 1500 1033 invaluit.
1558 970 1862 1043 Gesnerus
1901 969 2074 1051 prior
2108 967 2300 1030 edixit

106 1071 253 1153 signa
275 1073 500 1137 deduci
540 1073 674 1150 jure
715 1073 1012 1155 praecipua
1046 1090 1121 1133 ex
1149 1069 1599 1133 fruciificatione
1619 1114 1638 1143 ,
1671 1068 2066 1131 annuentibus
2090 1067 2298 1150 postea

105 1171 441 1256 Caesalpino
480 1175 547 1234 δι
587 1174 902 1236 Columna.
942 1172 1309 1255 Principium
1365 1173 1509 1233 illud
1555 1170 1902 1252 aliquandiu
1962 1170 2292 1250 neglectum

106 1276 351 1338 restituit
391 1275 775 1339 Morisonius
808 1322 827 1349 ,
887 1273 1176 1336 admisere
1217 1273 1405 1335 Raius
1442 1274 1504 1332 δι
1541 1272 1802 1333 Rivinus
1842 1271 1905 1330 &
1947 1269 2295 1345 coaetanei,

108 1378 356 1439 omnino
398 1377 727 1439 illustravit
767 1376 858 1437 his
905 1377 1205 1437 recentior
1256 1373 1750 1436 Tournefortius.
1787 1370 2090 1451 Perpenfis
2133 1371 2291 1432 enim

107 1475 352 1541 diversis
408 1477 749 1561 plantarum
796 1479 1064 1559 partibus
1110 1477 1418 1559 genericas
1465 1477 1526 1537 in
1574 1475 1724 1538 flore
1761 1473 1826 1535 δι
1877 1471 2071 1561 fruEtu
2122 1485 2298 1533 notas

107 1579 266 1641 certo
310 1579 626 1643 considere
662 1579 898 1642 asseruit
928 1626 949 1655 ‚
1008 1578 1291 1660 indeque«
1308 1576 1412 1639 sua
1465 1577 1752 1640 exstruxit
1798 1574 1998 1636 omnia
2035 1590 2294 1653 genera,

111 1680 218 1742 alia
257 1681 482 1763 nempe
527 1681 705 1762 primi
745 1680 975 1743 ordinis
1022 1680 1152 1743 sola
1187 1678 1644 1741 fruffificatione
1688 1676 1979 1755 designata
2004 1722 2023 1752 ,
2061 1676 2177 1736 alia
2216 1675 2294 1737 se-

112 1782 282 1845 cundi
318 1780 554 1844 ordinis
595 1782 659 1843 in
697 1782 917 1864 quibus
960 1781 1120 1844 aliud
1160 1800 1380 1863 praeter
1420 1778 1797 1842 conformem
1830 1777 2298 1839 fruciificationis

113 1883 450 1947 flru8nram
492 1882 886 1964 designationi
922 1883 1174 1946 additur.
1205 1882 1648 1962 Promulgatam
1671 1878 1860 1960 legem
1886 1880 1950 1940 &
1972 1875 2298 1939 numeroso
2343 1938 2346 1941 ,

111 2003 387 2063 generum
433 1983 597 2066 saepe
645 1983 1004 2047 naturalium
1053 2000 1365 2048 conventu
1410 1983 1724 2046 stabilitam
1774 1979 2005 2043 admisit
2058 1976 2296 2059 postera

111 2084 537 2152 Botanicorum
578 2088 805 2150 cohors
847 2087 1055 2169 paucis
1090 2088 1372 2172 exceptis·

180 2187 661 2251 Tournefortius
698 2189 759 2249 in
797 2190 1154 2253 caraEterum
1199 2190 1263 2250 &
1305 2208 1672 2269 organorum
1713 2183 2012 2248 floralium
2055 2199 2297 2244 enume-

119 2288 344 2376 ratione
386 2287 588 2369 pistilli
630 2306 829 2370 partes
870 2289 933 2349 δι
970 2290 1215 2350 stamina
1260 2289 1608 2370 despexerat
1649 2305 1762 2368 pro
1805 2282 2057 2344 vasculis
2087 2299 2298 2341 excre-

113 2390 280 2450 toriis
315 2389 521 2451 habita
563 2391 595 2422 ⁴
618 2437 641 2465 ,
684 2389 826 2452 licet
868 2389 989 2468 jam
1030 2393 1200 2452 antea
1239 2391 1312 2452 de
1362 2391 1689 2471 plantarum
1732 2386 1875 2448 sexu
1912 2382 2299 2445 aVeteribus

116 2489 403 2572 praesenso
448 2490 673 2572 aliquid
717 2491 1085 2573 protulissent
1120 2491 1496 2555 Camerarius
1522 2535 1544 2562 ,
1576 2488 1974 2568 Caesalpinu5‚
2014 2484 2301 2546 Grewius

118 2591 177 2653 δι
196 2589 576 2672 MalpighiuS.
594 2589 842 2653 Ineunte
866 2592 1138 2673 praesenti
1156 2611 1300 2655 aevo
1322 2591 1541 2673 (1702)
1565 2588 1946 2652 Burckardus
1971 2586 2028 2645 in
2050 2584 2299 2666 epistola

117 2692 183 2752 ad
205 2690 602 2755 Leibnitquta
624 2691 943 2755 sexualium
963 2711 1326 2775 organorum
1343 2694 1687 2756 struauram
1705 2688 1949 2751 &usum
1970 2687 2093 2748 fuse
2116 2705 2303 2765 expo-

118 2796 221 2856 suit
242 2817 265 2870 3
300 2795 504 2856 varias
542 2793 672 2855 dein
713 2794 962 2875 pollinis
991 2793 1231 2857 masculi
1275 2793 1497 2857 formas
1541 2793 1867 2854 delineavit
1909 2787 2300 2862 Geoffraeus;

116 2887 539 2959 Burckardiani
559 2895 757 2979 placiti
781 2894 1014 2960 nescius
1051 2897 1297 2959 sexuum
1336 2895 1630 2957 afflonem
1656 2891 1852 2974 palam
1885 2889 2301 2970 promulgavit

190 3189 220 3221 ⁴
284 3185 490 3244 Alienae
533 3185 590 3243 in
630 3186 769 3245 flore
805 3204 982 3258 partes
1008 3185 1040 3246 31
1078 3184 1397 3246 staminibus
1440 3179 1698 3255 tanquam
1737 3179 1771 3239 ὲ
1809 3178 1942 3239 vasis
1985 3177 2299 3238 excretoriis

114 3299 343 3352 πετριε
375 3280 722 3353 deponuntur
761 3283 819 3352 in
852 3287 1035 3355 apices
1078 3279 1422 3353 (antheras)
1457 3280 1608 3338 velut
1652 3282 1707 3338 in
1750 3279 1984 3337 cloacas.
2034 3272 2296 3350 Toumef.

90 3374 257 3456 *Isag.
293 3398 355 3450 p.
398 3384 487 3434 68.
526 3398 619 3449 70.
666 3378 817 3438 Alibi
858 3398 1041 3441 tamen
1088 3378 1517 3440 Tournefortius
1564 3377 1872 3450 plantarum
1911 3370 2095 3430 sexum
2148 3366 2300 3443 quasi

114 3471 517 3545 fiabodoratur,
556 3473 690 3536 dum
729 3475 798 3535 de
839 3475 1041 3536 dio'icis
1074 3480 1152 3536 ait
1184 3501 1199 3533 ε
1237 3481 1322 3536 An
1361 3473 1677 3546 corpuscula
1713 3473 1933 3531 fluentia
1971 3490 2038 3527 ex
2073 3465 2299 3526 floribus

120 3569 173 3626 in
208 3589 433 3630 teneros
473 3568 686 3630 fruetus
723 3573 913 3644 procul
954 3572 1234 3633 nascentes
1271 3571 1555 3640 feruntur,
1591 3581 1656 3627 ut
1691 3568 1858 3625 veluti
1897 3564 1926 3625 ἐ
1970 3583 2190 3636 torpore
2233 3560 2304 3621 ad

116 3667 395 3738 proprium
432 3667 831 3727 incrementum
883 3670 1219 3728 excitentur?
1260 3662 1756 3747 Quemadmodtitn
1799 3661 1867 3719 de
1910 3659 2110 3718 Palmis
2157 3676 2308 3716 mare

122 3768 174 3819 8(
201 3760 437 3820 [σεωίοὲι
456 3805 471 3821 .
495 3807 511 3821 .
537 3807 552 3822 .
576 3761 910 3823 affirmatur.
1018 3764 1288 3823 ramulum
1313 3763 1465 3820 floris
1498 3759 1663 3818 maris
1697 3758 1753 3815 in
1781 3753 2026 3827 spatham
2065 3752 2312 3813 foeminae

116 3853 271 3918 inser
256 3882 273 3915 ι
307 3878 423 3930 quo
452 3876 705 3931 tempore
737 3858 926 3932 spatha
952 3858 1106 3944 hiare
1147 3856 1327 3928 solet3
1358 3860 1460 3915 flos
1497 3854 1676 3925 explic
1683 3870 1797 3913 atus
1820 3852 2103 3924 pulverem
2131 3847 2321 3909 fundit

122 3948 228 4013 fine
260 3959 415 4032 cujus
446 3951 748 4015 affectione
777 3955 980 4033 dactyli
1016 3931 1197 4016 acerbi
1232 3900 1416 4012 for'ent
1450 3959 1501 4010 δι
1534 3945 1800 4010 insuaves.
1830 3944 1967 4002 ibid.
1991 3966 2049 4016 p.
2083 3955 2170 4020 62.

1831 4040 1930 4117 b
1915 4040 1988 4132 iij
