2646 4292
49 1715 368 1798 Ciaffiutntai·

52 1800 155 1837 teta
174 1801 368 1850 partitio

47 1853 367 1920 numerosior,

47 1926 244 1975 corollae
294 1927 371 1976 be·

46 1990 281 2048 neficio·

409 237 630 349 partita
673 259 734 322 in
776 254 981 321 class’es
1024 247 1235 317 severe
1285 248 1802 332 circumscriptas,
1843 246 2004 313 facili
2046 248 2368 329 Botanices
2401 246 2602 329 studio]

411 366 608 430 minus
641 361 947 426 conducit.
980 357 1045 420 In
1077 357 1193 419 hac
1224 354 1409 436 igitur
1445 353 1640 433 major
1675 368 1997 436 exoptatur
2029 372 2316 429 numerus
2340 351 2575 415 clasiium
2601 366 2602 399 1

410 468 547 530 ideo
576 462 1083 534 contrafiliorum,
1096 477 1181 521 ut
1214 446 1355 519 inde
1398 455 1740 538 promptior
1773 476 1844 520 ac
1881 455 2221 545 expeditior
2249 455 2465 519 evadat
2491 473 2602 534 geg

409 586 619 631 nerum
662 563 1105 645 specierumque
1132 557 1532 638 investigatio.
2563 610 2568 619 .

482 666 762 730 Claffium
794 680 996 727 autem
1046 659 1535 742 multiplicationi
1576 657 1773 722 obstat
1811 657 2174 721 caniciei-um
2214 632 2602 720 essentialium

405 769 669 853 penuria.
706 766 838 847 Qui
870 766 1027 855 enim
1061 764 1267 845 singuli
1293 763 1529 825 caeteris
1551 744 1834 827 omnibus
1860 760 2196 840 conjunctis
2219 758 2602 842 aequipollent

405 866 901 954 praestantissimi,
931 866 991 927 hi
1022 864 1292 927 seorsum
1315 860 1610 925 definiunt
1638 861 1873 924 abunde
1903 860 2106 924 classes
2127 881 2263 943 quae
2284 861 2470 923 unico
2495 848 2603 931 tali}

406 968 573 1049 signo
620 981 841 1030 noratae
875 964 1046 1027 certo
1076 963 1374 1025 naturales
1411 963 1721 1025 habentur.
1761 961 1929 1023 Dum
1969 962 2184 1023 contra
2227 960 2456 1024 defectu
2481 959 2602 1047 pri

406 1071 740 1132 ruariorum
784 1068 905 1130 alia
936 1067 1365 1148 impenduntur
1399 1066 1556 1148 signa
1603 1063 2060 1146 subsequentia,
2102 1078 2247 1125 tunc
2273 1061 2447 1145 plura
2473 1062 2602 1123 sunt

405 1171 741 1252 colligenda
778 1190 913 1252 quae
959 1169 1193 1230 viribus
1251 1165 1592 1231 valentiora
1640 1165 1859 1244 junfiis
1910 1165 1982 1226 ad
2025 1164 2305 1246 primaria
2353 1160 2602 1247 propius

405 1274 741 1347 accedunt·,
780 1268 878 1333 sed
923 1289 1094 1352 aequa
1131 1268 1297 1349 prius
1345 1266 1697 1330 instituenda
1742 1267 1827 1330 est
1870 1285 2082 1328 eorum
2126 1264 2489 1340 aestimatio,
2523 1264 2602 1324 εὸ

408 1373 712 1437 difficilior
758 1371 882 1455 quo
918 1370 1090 1451 plura
1134 1368 1305 1430 simul
1346 1367 1470 1431 sese
1505 1367 1774 1430 offerunt
1802 1367 2004 1449 primo
2049 1366 2284 1448 aspectu
2315 1364 2602 1448 aequalia;

406 1473 472 1536 δι
513 1462 735 1537 interea
774 1471 950 1535 cessat
994 1470 1246 1533 ulterior
1285 1469 1546 1531 classium
1592 1469 1886 1550 patritie,
1936 1466 2150 1551 utpote
2195 1488 2332 1551 quae
2382 1468 2602 1551 simpli

406 1577 578 1638 cibus
625 1596 749 1638 non
796 1574 866 1638 sit
903 1571 1282 1637 absolvenda
1331 1571 1525 1652 signis

409 1669 413 1671 ’
487 1674 644 1739 Cum
698 1693 899 1739 tamen
961 1674 1290 1737 Botanices
1346 1673 1541 1735 studio
1605 1674 2053 1737 numerosiores
2110 1672 2262 1736 vere
2319 1671 2588 1739 famulen-

406 1794 503 1842 tur
545 1778 747 1840 claffes
775 1823 796 1851 ‚
847 1778 911 1839 in
966 1776 1161 1838 solida
1217 1796 1430 1840 earum
1484 1777 1914 1841 constitutione
1955 1776 2114 1840 nunc
2165 1776 2248 1838 est
2297 1777 2602 1853 elaboran-¹

407 1870 551 1943 duni
573 1924 592 1955 ,
632 1878 915 1940 adhibitis
957 1877 1372 1938 caracteribus·
1418 1876 1773 1941 secundariis
1798 1900 1858 1960 p.
1897 1879 2002 1953 xl,
2048 1877 2277 1942 servata
2317 1878 2589 1961 quantum

409 1981 543 2045 fieri
580 1979 773 2064 potest
805 1978 937 2060 lege
972 1978 1266 2050 naturali,
1308 1979 1558 2041 servatis
1597 1981 1780 2042 etiam
1826 1980 2100 2061 genuinis
2131 1979 2449 2042 ordinibus
2481 1990 2602 2067 non}

410 2079 530 2142 sine
576 2077 838 2141 scientiae
875 2077 1241 2140 detrimento
1284 2075 1693 2158 dissolvendis.
1734 2076 2092 2139 caracteres·
2122 2079 2478 2158 memorati,
2505 2078 2602 2154 alii}

410 2180 809 2245 essentialibus
835 2178 1227 2259 cognatiflimi
1250 2225 1271 2255 ,
1314 2179 1584 2260 ipsorum
1628 2175 2127 2256 immutabilitatis
2167 2179 2318 2242 fiunt
2351 2161 2602 2250 omnino}

408 2282 753 2353 consortes,
790 2296 859 2341 ut
889 2279 1199 2342 existentia
1237 2279 1301 2340 δι
1338 2271 1595 2343 insertio
1620 2280 1875 2342 corollae
1907 2278 2334 2354 staminiferae,
2353 2281 2456 2342 alii
2487 2271 2602 2368 pri

414 2382 630 2446 mariis
653 2373 863 2444 affine‘s
899 2379 965 2442 δι
999 2380 1265 2461 ejusdem
1304 2381 1804 2444 immutabilitatis
1842 2381 2073 2443 tantum
2106 2381 2603 2475 semiparticipes

409 2482 710 2564 generales
751 2481 1041 2543 habentur
1089 2504 1148 2562 p.
1176 2481 1291 2551 xl,
1327 2467 1683 2562 exceptione
1723 2482 2151 2563 nonnunquam
2193 2483 2382 2558 varii,
2407 2500 2479 2547 ut
2502 2504 2602 2547 co·

386 2585 583 2646 ¹>rollae
622 2580 879 2665 partitio
930 2597 1035 2644 aut
1072 2581 1394 2663 integritas
1432 2581 1496 2643 δι
1537 2580 1808 2662 ejusdem
1842 2600 1964 2644 non
2011 2568 2389 2648 staminiferae
2422 2584 2603 2668 sttusq

407 2684 489 2748 sic
529 2705 605 2746 ex
630 2681 982 2745 observatis
1002 2682 1259 2750 corolla
1299 2681 1685 2762 monopetala
1726 2682 1810 2744 est
1847 2682 2068 2764 saepius
2108 2684 2511 2760 staminifi'era,
2540 2687 2602 2748 δι

348 2825 355 2828 =
404 2787 615 2861 eadem
648 2785 997 2869 polypetala
1037 2783 1251 2866 saepius
1292 2784 1376 2846 est
1403 2803 1530 2845 non
1565 2784 1962 2859 flammifera,
2001 2805 2078 2848 ex
2097 2785 2312 2849 eodem
2336 2807 2476 2866 cum
2499 2753 2602 2864 Μ

406 2888 667 2952 minibus
725 2888 945 2970 puncto
1001 2887 1353 2969 plerumque
1415 2905 1646 2951 enata:
1691 2888 1850 2951 unde
1906 2889 2112 2970 paucis
2165 2891 2486 2970 exceptis,
2527 2909 2602 2956 ex

403 2988 731 3053 insertione
773 2989 839 3051 δι
875 3006 1128 3052 numero
1166 2989 1425 3069 partium
1455 2989 1709 3053 corollae
1745 2989 2122 3056 concluditur
2166 2991 2479 3056 staminum
2516 2995 2602 3077 ἰρ-1

402 3090 733 3153 sorummet
777 3089 1051 3153 insertio.

476 3191 727 3255 Corolla
765 3191 947 3272 igitur
988 3191 1335 3253 staminibus
1369 3192 1563 3254 affinis
1602 3192 2010 3257 auxiliatrices
2044 3195 2242 3276 potest
2280 3210 2474 3258 notas
2495 3196 2602 3259 ad«¹

398 3294 585 3368 dere,
612 3294 832 3376 quibus
889 3312 1071 3356 novae
1114 3293 1316 3358 classes
1358 3312 1474 3356 aut
1501 3294 1760 3358 claffium
1801 3296 2229 3379 praesniss'arum
2269 3295 2603 3359 divisiones

394 3395 805 3476 designentur,
849 3394 884 3454 a
923 3394 1132 3454 natura
1180 3413 1300 3455 non
1327 3395 1563 3457 alienae.
1609 3395 2008 3481 Quapropter
2051 3397 2440 3458 Linnaeanum
2482 3396 2603 3477 fys«

392 3510 553 3559 tema
594 3492 1116 3557 Tournefortiano
1154 3498 1357 3560 minus
1398 3499 1482 3562 est
1522 3501 1788 3563 naturale
1821 3521 1837 3560 ε
1874 3500 1983 3561 Lin
2011 3518 2156 3561 iaeus
2192 3499 2350 3562 enim
2393 3499 2468 3559 in·
2497 3517 2603 3560 or*

390 3615 550 3679 gano
591 3594 875 3658 essentiali
925 3596 1081 3678 sigua
1125 3599 1352 3660 tantum
1404 3599 1602 3682 selegit
1647 3602 1969 3677 tertiaria3
2019 3598 2496 3664 Tournefortius
2537 3602 2599 3662 in

388 3697 746 3764 secundario
766 3697 1091 3779 praeposuit
1116 3696 1498 3775 secundaria,
1516 3702 1580 3764 δι
1602 3703 2026 3785 monopetalos
2047 3702 2231 3766 flores
2249 3704 2325 3764 ab
2346 3703 2603 3785 apetalis

388 3801 455 3862 δι
496 3799 863 3881 polypetalis
902 3801 1304 3881 distinguenS,
1346 3803 1571 3865 inscius
1622 3803 1936 3866 staminum
2001 3805 2312 3869 insertioni
2365 3808 2602 3887 partimi

395 3901 860 3985 obtemperavit.
882 3901 1159 4006 Sexubus
1187 3905 1461 3971 nondum
1501 3905 1862 3991 perspeffis,
1908 3908 2261 3974 stamineum
2284 3924 2602 3990 organum}
