2646 4292
364 117 441 171 lv

358 257 439 302 ex
488 239 948 322 praecedentium
996 239 1294 305 concursu
1347 255 1571 322 organa
1615 255 2058 324 componuntur
2078 286 2098 317 ‚
2139 236 2251 323 alia
2303 233 2572 320 plantat

359 340 549 403 vitam
572 341 839 406 foventia
860 359 926 432 ut
948 343 1193 406 radix&
1213 344 1398 406 caulis
1420 343 1480 403 δι
1499 342 1709 406 folium
1727 390 1747 419 ,
1765 343 1880 406 alia
1898 343 2292 425 propagandae
2305 339 2528 423 speciei

356 443 672 506 necessaria
714 461 780 508 ut
813 445 930 507 flos
968 444 1033 507 ἃ
1068 444 1292 508 fruEius
1313 489 1337 516 ‚
1374 445 1577 506 omnia
1613 444 1782 508 simul
1823 443 1882 506 in
1929 460 2217 525 organum
2245 443 2526 525 generale

352 542 457 607 seu
495 544 755 631 plantam
792 546 1079 628 integram
1124 546 1403 608 coeuntia
1425 590 1444 620 ,
1490 563 1746 627 quorum
1788 543 2135 608 strueturam
2180 544 2242 605 δι
2278 542 2532 626 disposi-

355 644 685 711 tionem&
723 647 897 710 usum
934 646 1534 729 praeprimisnoviffe
1569 646 1823 732 expedit.

431 749 623 808 Radix
639 748 805 810 humi
817 748 1010 811 defixa
1022 747 1287 830 superius
1301 749 1363 810 in
1380 749 1580 809 caulem
1605 749 1953 830 producitur
1967 768 1983 807 ε
1997 749 2153 810 axim
2172 762 2201 790 ⁶
2216 747 2531 829 utriusque

353 861 515 911 tenet
533 848 785 911 medulla
804 849 1055 912 omnino
1073 850 1411 921 utricularis
1437 868 1458 924 3
1489 848 1660 911 strata
1678 849 1946 911 ambiunt
1966 849 2159 929 lignea
2175 892 2197 919 ,
2222 868 2296 911 ex
2323 848 2530 928 longi-

252 1028 259 1035 ,
352 946 708 1023 tudinalibus
737 947 1019 1010 vasorum
1054 948 1117 1010 δι
1143 948 1429 1011 fibrarum
1455 946 1748 1011 fasciculis
1775 962 1941 1039 textu
1981 946 2291 1010 utriculari
2324 949 2528 1008 inter·-

355 1049 550 1130 pofito
570 1050 858 1113 connexis
874 1066 1157 1112 concreta
1180 1070 1201 1125 3
1241 1050 1693 1133 supersternitur
1720 1065 1932 1112 cortex
1951 1094 1970 1124 ‚
1995 1069 2070 1112 ex
2091 1048 2260 1110 fibris
2286 1049 2350 1109 &
2381 1047 2532 1108 vas-

355 1150 507 1214 culis
543 1150 605 1212 &
642 1150 919 1212 distinctis
953 1149 1353 1212 utriculorum
1389 1150 1642 1213 seriebus
1679 1148 1805 1212 fere
1844 1148 2136 1229 parallelis
2176 1147 2311 1209 laxe
2343 1147 2529 1208 inter·

359 1269 555 1314 textus
601 1271 670 1314 ac
712 1252 873 1333 quasi
922 1250 1291 1327 reticulatis,
1342 1251 1403 1312 in
1451 1251 1650 1313 radice
1696 1251 1937 1312 madens
1982 1269 2051 1311 ac
2104 1246 2418 1324 succesus,
2460 1249 2531 1311 in

354 1353 649 1417 herbaceo
677 1353 846 1418 caule
870 1354 1349 1417 membranaceus
1376 1352 1608 1423 molli&
1650 1353 1710 1414 in
1738 1341 2002 1437 arboreo
2033 1350 2244 1414 siccior
2276 1351 2336 1412 δι
2367 1337 2527 1431 saepe

298 1472 303 1481 ’
359 1453 641 1516 rimosus.
685 1453 938 1536 Succupi
973 1454 1032 1515 in
1071 1453 1284 1517 tellure
1318 1469 1589 1533 paratum
1610 1498 1628 1527 ,
1653 1452 2031 1515 craffioribus
2056 1466 2301 1532 exutum
2336 1452 2526 1533 parti·

355 1558 506 1620 culis
531 1604 549 1633 ,
598 1559 785 1640 chylo
821 1557 1061 1621 animali
1115 1575 1554 1638 congenerem,
1606 1555 1778 1618 radix
1804 1596 1823 1626 ,
1869 1573 2158 1617 venarum
2210 1551 2526 1614 lasiearum

355 1659 575 1735 instar,
625 1659 857 1740 exsugit
906 1659 1086 1722 avide
1141 1659 1205 1722 δι
1251 1661 1318 1721 in
1369 1660 1600 1721 caulina
1649 1655 1838 1719 defert
1886 1657 2023 1730 vasa
2073 1652 2529 1737 propellendum

357 1761 533 1823 altius
557 1805 576 1833 ‚
609 1757 923 1843 copiosum
954 1761 1016 1821 in
1052 1761 1290 1841 juniore
1318 1760 1516 1842 planta
1535 1806 1554 1841 ,
1591 1760 1653 1821 in
1690 1757 2016 1839 vetustiore
2048 1756 2380 1838 parciorem
2423 1773 2531 1818 ra·-

356 1862 525 1923 tione
555 1861 741 1923 aufiae
773 1860 1098 1922 solidorum
1139 1861 1318 1922 molis
1345 1862 1407 1923 &
1434 1862 1730 1923 imminuti
1753 1859 2036 1923 vasorum
2068 1858 2355 1920 diametri.
2377 1850 2534 1921 Pars

355 1961 533 2041 hujus
563 1961 744 2022 altera
769 1960 934 2022 'intra
971 1960 1261 2023 corticem
1295 1961 1362 2024 ⁴&
1402 1960 1626 2040 lignum
1665 1960 1911 2024 devecta
1949 1957 2277 2022 concrescit
2295 1957 2436 2050 ‘hinc
2459 1959 2532 2021 in

354 2062 629 2121 alburnum
659 2059 764 2122 seu
792 2059 1017 2140 lignum
1055 2060 1317 2131 exterius
1342 2107 1361 2136 ,
1398 2059 1540 2121 inde
1576 2060 1638 2121 in
1669 2060 1853 2119 librum
1879 2057 1978 2124 seu
2003 2059 2248 2122 corticis
2274 2059 2530 2122 interius

354 2163 619 2226 stratum.
654 2164 857 2225 Altera
892 2162 1245 2225 continuato
1286 2158 1571 2225 vasorum
1615 2162 1849 2223 tramite
1885 2159 2240 2224 viscidiores
2279 2162 2338 2223 in
2359 2161 2527 2232 utri·

355 2264 508 2325 culis
533 2259 896 2345 glandu‘lisve
914 2263 1158 2322 dimittit
1181 2262 1499 2342 particulas
1519 2306 1539 2337 ‚
1573 2280 1729 2324 nunc
1752 2261 1991 2324 melleas
2017 2277 2126 2324 aut.
2148 2261 2486 2342 gummosas
2504 2309 2526 2339 ‚

354 2381 511 2425 nunc
558 2360 838 2424 resinosas
877 2378 981 2424 aut
1020 2379 1230 2432 acres,
1275 2362 1341 2422 δε
1375 2359 1510 2423 dein
1555 2361 1708 2423 ultra
1756 2361 2073 2451 decurrens
2113 2381 2228 2444 per·
2254 2362 2416 2424 cutis
2457 2364 2528 2426 δι

353 2463 654 2546 praecipue
695 2461 984 2524 foliorum
1021 2459 1313 2542 spiracula
1351 2460 1656 2524 fluidiores
1677 2460 1854 2540 ejicit.
1882 2462 2043 2523 Folia
2065 2463 2285 2544 quippe
2305 2463 2530 2544 duplex

353 2565 649 2644 vasorum·
672 2563 846 2645 supra
885 2564 951 2625 &
987 2562 1200 2651 subtus
1230 2582 1336 2645 per
1376 2579 1584 2628 tenues
1623 2580 1850 2626 meatus
1889 2563 2178 2626 hiantium
2217 2565 2528 2629 constituit

324 2649 579 2734 ‘seriem
618 2662 966 2744 &utrique
995 2663 1230 2742 gemina
1266 2662 1608 2727 insternitur
1645 2664 1985 2726 membrana
2017 2662 2191 2727 fat‘tle
2238 2665 2366 2746 post
2396 2686 2527 2728 ma·-

286 2766 717 2854 ‘sectationem
770 2763 1120 2828 divellenda.
1165 2765 1308 2826 Pori
1352 2764 1522 2848 supra
1571 2765 1743 2847 politi
1786 2765 2097 2828 humorem
2152 2766 2405 2830 nimium
2453 2769 2529 2830 vi

364 2865 613 2948 propria
647 2867 705 2927 δι
751 2865 1081 2929 attrahente
1100 2864 1238 2928 Sole
1258 2865 1751 2949 perspiratorium
1773 2866 2259 2930 exhalantmnde
2294 2868 2529 2952 semper

352 2965 464 3048 ipfi
504 2982 605 3029 aut
643 2967 767 3027 aeri
803 2966 998 3029 libero
1031 2966 1390 3030 obversatur
1421 2968 1710 3034 foliorum
1747 2970 1957 3051 pagina
1989 2968 2298 3049 superior,
2341 2989 2529 3052 quam

355 3066 402 3129 fi
430 3067 746 3130 inverteris
774 3083 1006 3130 retorto
1041 3068 1269 3150 petiolo
1291 3113 1310 3144 ,
1334 3068 1409 3130 ad
1445 3069 1646 3133 Solem
1670 3070 1827 3131 lenta
1850 3069 2021 3132 redit.
2056 3069 2197 3133 Pori
2218 3072 2277 3132 in
2306 3060 2530 3137 averso

353 3167 604 3230 latentes
646 3166 801 3228 folio
842 3167 908 3228 δε
951 3167 1104 3249 saepe
1139 3167 1298 3229 villis
1328 3168 1523 3248 stipati
1546 3216 1565 3244 ,
1604 3170 1955 3232 matutinum
1989 3185 2093 3233 aut
2126 3171 2530 3254 vespertinum

352 3269 747 3350 atmospherae
769 3286 968 3329 rorem
990 3268 1289 3345 hauriunt,
1311 3270 1499 3351 quiin
1524 3271 1808 3333 interiora
1828 3271 2168 3354 compulsus
2178 3273 2250 3334 ad
2265 3273 2531 3336 radicem

353 3370 542 3454 usque
583 3372 913 3435 detruditur
944 3415 965 3447 ,
1011 3370 1272 3451 ejusdem
1315 3371 1634 3435 nutritioni
1676 3370 1978 3437 famulans.
2014 3373 2113 3439 Sic
2141 3374 2176 3436 a
2212 3373 2413 3437 radice
2450 3377 2532 3439 ad

429 3702 473 3731 ..fl
492 3670 626 3726 Haec
664 3665 843 3726 brevis
880 3667 1202 3726 oeconomiae
1230 3665 1490 3742 vegetalis
1521 3663 1872 3725 adumbratio
1900 3662 2429 3737 partim'extrahitur
2460 3687 2536 3730 ex

358 3763 544 3826 nostrii
567 3762 703 3825 thesi
731 3743 952 3837 pristina
972 3766 1027 3824 in
1053 3767 1253 3836 Lycaeo
1345 3760 1502 3821 e'dico
1527 3758 1794 3820 Patifienfi
1816 3759 2152 3834 propugnata
2176 3780 2320 3820 anno
2347 3783 2492 3836 1770
2509 3813 2533 3839 ,

360 3862 453 3921 cui
489 3860 673 3921 titulus
709 3881 724 3919 ε
758 3866 852 3921 An
878 3856 1256 3930 OE'conomt‘am
1337 3858 1596 3919 nimalem
1621 3858 1765 3917 incer
1782 3851 1834 3917 θ’
1871 3854 1936 3919 V
1927 3856 2179 3932 egetalem
2199 3855 2468 3937 analogia
2492 3865 2530 3922 ἲ
