2646 4292
410 116 444 195 1

411 256 631 343 partita
676 255 736 317 in
779 250 983 317 classes
1026 244 1237 314 severe
1286 245 1804 329 circumscriptas,
1844 244 2007 311 facili
2048 247 2367 315 Botanioes
2401 247 2585 313 studio

412 361 609 424 minus
644 357 948 421 conducit.
983 353 1048 415 ln
1079 354 1194 415 hac
1226 351 1411 432 igitur
1447 349 1641 430 major
1676 367 1996 434 exoptatur
2031 371 2316 427 numerus
2339 351 2592 415 classium

412 463 549 524 ideo
578 458 1085 530 contrafflorum‚
1116 474 1183 519 ut
1217 444 1357 517 inde
1400 454 1741 536 promptior
1774 473 1845 517 ac
1882 453 2220 541 expeditior
2250 454 2467 517 evadat
2495 474 2599 536 ge·

410 581 621 625 nerum
662 558 1108 641 specierumque
1134 553 1533 635 investigatio.

484 661 763 725 Claffium
795 677 996 721 autem
1047 648 1535 738 multiplicationi
1578 654 1774 719 obstat
1810 654 2176 719 caracterum
2215 656 2595 720 essentialium

406 765 670 847 penuria.
706 762 839 842 Qui
870 762 1027 823 enim
1063 759 1267 841 singuli
1293 760 1530 822 caeteris
1553 742 1835 825 omnibus
1857 758 2196 838 conjunffis
2218 758 2600 840 aequipollent

320 942 323 943 γ
407 864 703 947 praestanti
688 862 901 932 stimi,
931 862 992 923 hi
1022 860 1293 923 seorsum
1314 860 1611 921 definiunt
1638 859 1874 921 abunde
1902 858 2106 922 classes
2127 879 2263 941 quae
2284 860 2471 922 unico
2500 861 2595 922 tali

406 963 574 1044 signo
621 976 841 1025 notarae
876 959 1047 1022 certo
1076 959 1374 1022 naturales
1411 959 1721 1021 habentur.
1763 958 1929 1021 Dum
1968 959 2183 1021 contra
2226 959 2456 1023 defeflu
2483 961 2599 1043 pri·

406 1066 741 1126 marion-um
784 1064 904 1125 alia
937 1063 1366 1144 impenduntur
1398 1061 1556 1144 signa
1603 1060 2060 1143 subsequentia,
2104 1076 2246 1122 tunc
2272 1061 2444 1143 plura
2474 1062 2599 1123 sunt

405 1166 739 1247 colligenda
777 1184 914 1247 quae
958 1165 1192 1249 viribus
1251 1163 1591 1228 valentiora
1640 1163 1859 1241 junEiis
1909 1163 1982 1225 ad
2023 1163 2305 1244 primaria
2354 1165 2598 1246 propius

404 1267 740 1341 accedunt·5
780 1262 879 1327 sed
922 1284 1095 1347 aequa
1130 1264 1296 1345 prius
1347 1263 1697 1326 instituenda
1741 1264 1826 1327 est
1869 1282 2081 1325 eorum
2125 1263 2442 1325 aestimatio
2472 1312 2492 1342 ‚
2529 1265 2599 1325 eo

407 1368 713 1432 difficilior
757 1366 881 1450 quo
918 1365 1089 1446 plura
1133 1365 1303 1427 simul
1345 1364 1469 1427 sese
1505 1363 1773 1427 offerunt
1801 1365 2003 1446 primo
2048 1364 2284 1446 aspefiu
2318 1364 2600 1447 aequalia3

406 1468 471 1530 δι
511 1458 734 1531 interea
773 1466 950 1530 ceffat
993 1467 1245 1529 ulterior
1284 1466 1546 1528 claffium
1590 1466 1885 1547 partiti0,
1935 1465 2148 1549 utpote
2194 1487 2333 1552 quae
2383 1468 2600 1551 simpli-

405 1570 577 1633 cibus
624 1590 749 1632 non
794 1569 865 1653 stt
902 1567 1281 1631 absolvenda
1330 1568 1524 1648 signis.

48 1709 277 1762 claffium
296 1708 366 1761 21„
485 1668 643 1743 ,cum
697 1688 898 1733 tamen
960 1669 1288 1733 Botanices
1346 1668 1540 1732 studio
1604 1671 2051 1734 numerosiores
2109 1670 2260 1735 vere
2319 1671 2598 1736 famulen-

50 1794 153 1830 ωε
172 1781 367 1844 partitio
405 1788 501 1836 tur
543 1772 745 1835 claffes
774 1818 794 1847 ,
846 1774 909 1833 in
965 1771 1157 1834 solida
1214 1792 1428 1836 earum
1483 1774 1912 1838 constitutione
1952 1793 2112 1837 nunc
2163 1774 2245 1836 est
2295 1775 2596 1838 elaboran-

46 1848 366 1914 numerofior,
406 1864 549 1936 duni
571 1919 591 1949 ‚
630 1873 914 1936 adhibitis
955 1872 1356 1935 caracteribus
1416 1872 1772 1937 secundariis
1797 1897 1856 1957 p.
1895 1876 2000 1952 xl,
2045 1875 2274 1939 servata
2317 1876 2596 1960 quantum

46 1920 241 2042 {231ss
291 1921 370 1970 be·
406 1976 540 2040 fieri
577 1974 770 2058 potest
804 1974 935 2055 lege
970 1974 1264 2046 naturali,
1306 1975 1556 2037 servatis
1595 1978 1779 2040 etiam
1823 1977 2098 2058 genuinis
2129 1977 2449 2041 ordinibus
2481 1997 2594 2042 non

407 2074 528 2136 sine
555 2073 835 2138 *scientiae
873 2072 1239 2135 detrimento
1282 2071 1691 2156 dissolvendis.
1732 2072 2078 2137 CaraEieres
2117 2078 2479 2157 memorati,
2503 2078 2596 2146 alii

407 2175 807 2240 essentialibus
833 2174 1224 2254 cognatiffimi
1248 2222 1267 2252 ‚
1310 2174 1581 2256 ipsorum
1624 2173 2125 2239 immutabilitatis
2165 2177 2320 2240 fiunt
2352 2180 2598 2243 omnino

407 2277 750 2349 consortes,
789 2292 855 2337 ut
886 2276 1195 2338 existentia
1234 2274 1299 2335 δι
1335 2269 1591 2338 insertio
1617 2276 1873 2338 corollae
1904 2276 2334 2352 staminiferae·,
2354 2281 2457 2342 alii
2486 2281 2599 2363 pri-1

412 2378 626 2441 mariis
650 2369 860 2440 affine‘s
896 2375 961 2438 δι
997 2376 1261 2456 ejusdem
1301 2377 1800 2440 immutabilitatis
1838 2379 2069 2441 tantum
2103 2379 2597 2473 semiparticipes

405 2478 707 2559 generales
747 2476 1038 2539 habentur
1084 2500 1144 2558 p.
1174 2477 1287 2547 .,xl
1323 2463 1680 2560 exceptione
1719 2465 2148 2561 nonnunquam
2189 2482 2383 2558 varii,
2408 2500 2479 2547 ut
2500 2499 2597 2547 co

407 2580 579 2641 rollae
626 2577 875 2660 partitio
926 2593 1031 2639 aut
1068 2577 1390 2659 integritas
1429 2578 1493 2638 δι
1533 2577 1804 2658 ejusdem·
1839 2598 1960 2642 non
2007 2579 2389 2648 staminiferae
2423 2584 2561 2648 situs

403 2679 483 2743 fic
524 2700 601 2742 ex
624 2676 978 2741 observatis
998 2677 1254 2747 lcorolla
1295 2678 1681 2759 monopetala
1721 2679 1804 2741 est
1844 2679 2064 2763 saepiiis
2104 2682 2508 2758 staminifera,
2538 2686 2595 2748 &

400 2782 611 2856 eadem
644 2781 992 2863 polypetala
1032 2779 1247 2862 saepius
1287 2780 1371 2842 est
1400 2799 1524 2843 non
1561 2780 1917 2846 staminifera
1940 2828 1958 2856 ‚
1998 2802 2075 2845 ex
2094 2784 2309 2847 eodem
2335 2805 2475 2851 cum
2499 2790 2594 2851 stas

401 2883 664 2946 minibus
720 2883 940 2965 Ρυηᾶο
997 2883 1348 2965 plerumque
1411 2901 1586 2976 enata
1626 2906 1641 2946 ε
1687 2885 1845 2949 unde
1902 2886 2109 2967 paucis
2161 2890 2484 2970 exceptis,
2523 2907 2593 2954 er-

397 2983 725 3048 insertione
768 2985 833 3047 &
870 3003 1122 3047 numero
1162 2985 1420 3065 partium
1450 2985 1704 3050 corollae
1741 2986 2118 3054 concluditur
2161 2989 2479 3056 staminum
2514 2994 2593 3076 ipa'

398 3085 727 3176 sorummet
772 3084 1046 3149 insertio.

471 3186 721 3250 Corolia
760 3187 941 3268 igitur
982 3186 1330 3249 staminibus
1363 3188 1559 3251 affinis
1598 3190 2006 3255 auxiliatrices
2040 3193 2237 3274 potest
2276 3211 2470 3260 notas
2493 3175 2591 3268 ach

392 3288 535 3356 dere
560 3334 578 3363 ‚
607 3289 827 3372 quibus
883 3308 1065 3351 novae
1108 3290 1310 3353 classes
1352 3308 1456 3353 aut
1494 3292 1754 3355 claffium
1796 3294 2224 3376 praemifl'arum
2264 3295 2589 3358 divifiones

388 3389 799 3470 designentur,
842 3390 878 3449 ἐι
917 3390 1125 3450 natura
1172 3409 1294 3451 non
1320 3391 1558 3454 alienae.
1604 3392 2002 3480 Quapropter
2045 3394 2438 3457 Linnaeanum
2478 3395 2589 3477 sys

385 3504 547 3554 rema
587 3487 1109 3554 Tournefortiano
1148 3494 1351 3556 minus
1392 3496 1476 3560 est
1518 3498 1783 3559 naturale
1816 3518 1832 3557 z
1869 3497 1978 3559 Lin
2005 3516 2150 3560 iaeus
2185 3498 2344 3560 enim
2389 3498 2453 3560 in
2494 3516 2587 3559 or-

383 3609 544 3674 gano
583 3590 866 3654 effentiali
917 3591 1074 3674 signa
1118 3595 1346 3656 tantum
1398 3596 1597 3678 selegit
1640 3599 1963 3675 tertiaria3
2015 3597 2492 3662 Tournefortius
2533 3601 2587 3662 in

381 3691 739 3755 secundario
760 3693 1082 3775 praeposuit
1109 3693 1457 3760 secundaria
1472 3744 1491 3772 ‚
1509 3699 1573 3760 δι
1596 3700 2021 3780 monopetalos
2040 3701 2223 3764 flores
2243 3701 2319 3762 ab
2338 3702 2587 3783 apetalis'

381 3795 449 3855 δι
489 3794 855 3876 polypetalis
894 3796 1296 3877 distinguens,
1341 3799 1565 3862 inscius
1615 3800 1932 3864 staminum
1994 3802 2305 3866 insertioni
2358 3807 2584 3884 partim

387 3896 852 3980 obtemperavit.
875 3897 1151 4000 Sexubus
1180 3902 1453 3967 nondum
1494 3902 1815 3989 perspeciis
1832 3950 1856 3976 ‚
1902 3892 2257 3971 stamineum
2278 3921 2585 3985 organum
