2646 4292
2245 227 2330 307 23
2352 236 2378 284 1

211 354 369 417 extus
389 350 784 418 adnascuntur
805 397 824 429 ,
859 350 941 413 ita
961 367 1032 414 ut
1054 348 1348 412 corollam
1382 347 1747 411 mentiantur
1772 349 2221 431 monopetalam
2236 398 2257 428 ‚
2278 354 2391 415 sta-

209 453 520 517 miniferam
559 469 663 516 aut
694 452 1005 515 flaminum
1034 451 1187 512 tubo
1220 449 1486 511 infixam.
1518 448 1586 509 In
1619 449 2100 532 Caryophylleis
2142 453 2390 516 stamina

209 555 437 618 definita
455 605 474 634 ,
506 556 605 619 sed
629 555 782 639 saepe
803 553 1141 637 petalorum
1169 551 1347 633 dupla
1364 550 1623 628 ,alterna
1644 550 1752 612 sub
1774 551 2028 632 pistillo,
2048 554 2274 617 alterna
2296 575 2393 637 pe·

202 659 446 723 talorum
467 657 769 739 unguibus
789 655 1172 724 inseruntur,
1194 653 1488 734 geminam
1513 653 1568 713 in
1593 653 1808 715 eodem
1831 654 1979 717 flore
2004 654 2392 719 insertionem

201 759 532 840 colligentia
566 782 583 820 ε
626 759 782 822 unde
824 757 1093 821 naturale
1141 756 1380 838 exurgit
1418 749 1778 837 principium
1827 756 1950 835 jam
1993 778 2049 840 p.
2093 780 2166 838 7¹
2217 759 2281 820 δι
2330 760 2393 821 in

202 863 396 946 operis
423 862 728 945 prooemio
749 862 1006 924 ediciam
1022 909 1040 937 ‚
1060 879 1186 943 quo
1209 858 1506 943 epipetala
1524 857 1837 920 staminum
1866 857 2117 921 insertio
2141 859 2382 941 lingulis

198 964 326 1026 aliis
362 963 605 1027 seorsim
645 961 818 1026 facile
859 963 1218 1025 conciliatur
1245 1009 1265 1038 ‚
1306 960 1494 1023 modo
1535 959 1741 1022 iisdem
1796 977 2089 1041 congruat
2138 961 2388 1043 propria

203 1067 443 1130 corollae
488 1064 788 1147 ipsiusmet
826 1062 1201 1126 staminiserae
1238 1063 1505 1126 insertio.
1541 1061 1700 1126 Cum
1739 1063 2028 1145 praeterea
2067 1063 2165 1128 lex
2203 1064 2390 1128 altera

195 1167 454 1231 corollas
483 1165 874 1230 staminiferas
899 1166 1102 1245 jubeat
1121 1164 1236 1228 effe
1263 1163 1636 1247 frequentiis
1661 1164 2078 1246 monopetalas
2095 1212 2113 1240 ‚
2141 1165 2390 1248 Caryo-

196 1269 568 1352 phyllearum
608 1267 803 1352 petala
841 1266 1268 1348 nonnunquam
1291 1266 1411 1329 bafi
1441 1266 1785 1329 coalescunt
1817 1282 1885 1329 ut
1909 1267 1973 1328 in
2007 1267 2341 1335 Malvaceis
2361 1316 2381 1347 ,

196 1371 264 1431 δι
308 1371 584 1454 exemplo
628 1369 975 1452 Saponariae
1021 1367 1292 1449 Anglicae
1338 1366 1498 1430 forte
1538 1386 1663 1430 non
1702 1368 1887 1431 unico
1918 1415 1939 1445 ‚
1987 1369 2048 1429 in
2088 1370 2385 1433 corollam

195 1472 341 1536 vere
386 1470 831 1552 monopetalam
872 1468 1232 1552 quandoque
1279 1468 1689 1531 concrescunt.
1730 1468 1885 1550 Quo
1926 1469 2126 1551 plures
2174 1486 2377 1533 autem

195 1573 348 1655 leges
378 1570 647 1653 infringit
676 1570 955 1653 exceptio
982 1614 1006 1643 ,
1043 1570 1122 1633 εὸ
1162 1569 1361 1632 rarior
1393 1589 1408 1630 t
1448 1568 1586 1632 inde
1636 1570 1913 1653 praediEta
1949 1570 2199 1635 corollae
2237 1590 2383 1634 con-

195 1675 393 1737 verfio
445 1673 693 1737 calicem
733 1670 1201 1754 monophyllum
1243 1671 1343 1752 (p.
1393 1691 1491 1754 93.
1539 1671 1713 1752 154.)
1749 1674 1812 1734 &
1849 1671 2091 1734 stamina
2138 1673 2381 1736 definita

189 1776 579 1860 praecipiens‚
616 1775 677 1834 in
716 1772 1032 1835 ordinibus
1064 1773 1250 1834 calice
1283 1772 1655 1853 polyphyllo
1700 1772 1995 1834 insti-uelis
2037 1773 2236 1836 minus
2276 1789 2381 1856 aut

192 1877 350 1940 nulle
387 1875 759 1951 admittitur,
798 1873 863 1936 &
905 1873 965 1934 in
1000 1871 1348 1935 staminibus
1371 1870 1695 1936 indefinitis
1726 1892 1850 1935 non
1877 1873 2042 1936 valet
2069 1874 2175 1936 nifi
2211 1874 2381 1956 prius

190 1981 285 2063 (p.
330 2000 352 2039 ι
369 1978 507 2061 57.)
535 1977 752 2039 horum
778 1974 1112 2038 coaluerint
1142 1974 1458 2038 filamenta.
1483 1974 1757 2037 Corollae
1791 1974 2048 2038 defeEius
2085 1977 2146 2037 in
2173 1978 2383 2059 paucis

187 2078 668 2163 Caryophylleis
709 2077 771 2139 ὃ(
804 2077 1194 2160 paucioribus
1221 2076 1558 2139 Malvaceis
1591 2077 1656 2139 &
1691 2077 1800 2138 vix
1833 2078 1893 2140 in
1924 2077 2060 2140 aliis
2092 2076 2379 2142 observa-

181 2197 282 2246 -tur
301 2229 322 2257 ‚
365 2181 564 2243 rarior
589 2181 647 2242 in
676 2180 983 2243 staminum
1017 2180 1502 2262 hypogynorum
1533 2178 1632 2262 (p.
1665 2179 1763 2260 87.
1784 2180 1811 2263 )
1836 2180 2017 2263 quam
2043 2181 2100 2243 in
2135 2181 2379 2264 perigy-

189 2304 409 2347 norum
442 2283 539 2364 (p.
560 2282 703 2363 74.)
746 2281 1031 2345 claffibus.
1067 2283 1195 2344 Cur
1234 2282 1314 2344 fic
1358 2281 1550 2343 variae
1597 2279 1937 2363 discrepant
1976 2281 2379 2347 insertiones?
2457 2365 2461 2369 .

186 2387 320 2451 Cur
352 2382 611 2449 diversae
634 2385 694 2445 in
718 2382 926 2446 iisdem
963 2383 1273 2446 ordinibus
1303 2384 1692 2466 exceptiones
1726 2385 2152 2448 cumulantur?

895 2707 916 2746 ⁷
991 2725 1061 2797 O
1110 2726 1177 2798 R
1229 2726 1301 2798 D
1353 2726 1423 2798 O
1522 2726 1576 2799 I.

215 2880 1062 2978 RANUNCU'LACEAE
1102 2958 1122 2990 ‚
1186 2918 1363 2978 Les
1430 2901 2349 2977 RENoNcULAcEES.

186 3080 534 3192 CAle
595 3112 1058 3233 polyphyllus
1091 3173 1114 3204 ,
1177 3113 1547 3188 interdum
1600 3112 1857 3187 nullus.
1914 3111 2159 3186 Petala
2211 3112 2378 3186 defi-

184 3210 338 3282 nita
368 3269 389 3299 ,
434 3205 679 3309 saepius
776 3214 1068 3312 uinque.
1111 3210 1435 3285 Stamina
1477 3210 1851 3285 indefinita
1890 3213 2000 3302 (in
2027 3207 2381 3313 Myosuro

181 3303 579 3397 definita);
629 3327 754 3382 ant
809 3334 938 3381 erae
990 3306 1371 3382 filamentis
1405 3307 1701 3383 adnatat.
1737 3308 2087 3382 Germina
2118 3306 2376 3405 plura,

180 3401 558 3476 indefinita
601 3426 725 3479 aut
775 3402 1069 3479 definita
1113 3406 1388 3497 (rarius
1451 3410 1851 3497 unicum),
1924 3404 2379 3502 receptaculo

179 3503 564 3574 communi
597 3499 975 3601 impofita;
1031 3505 1420 3602 unicuique
1478 3503 1688 3609 stylus
1740 3506 1990 3577 unicus
2039 3522 2163 3573 aut
2212 3499 2379 3574 rai-*o

183 3597 467 3678 nullum
519 3595 771 3699 stigma
815 3596 1133 3697 fimplex.
1183 3597 1503 3699 Capsulae
1566 3599 1871 3676 totidem
1916 3657 1936 3687 ‚
1977 3618 2102 3673 aut
2155 3598 2379 3671 rarius

182 3692 424 3769 baccae
454 3753 474 3784 ,
526 3697 601 3767 in
648 3696 802 3770 aliis
836 3691 1352 3796 monospermae
1389 3724 1536 3773 non
1583 3694 2012 3773 dehiscentes
2040 3755 2059 3786 ,
2106 3698 2181 3766 in
2225 3694 2379 3767 aliis

182 3787 658 3961 ptolyspermae
712 3792 902 3867 intus
966 3788 1463 3870 semibivalves
1495 3856 1516 3885 ,
1590 3791 2034 3893 marginibus
2094 3787 2379 3865 semini-

260 3913 376 3961 rae.
434 3890 834 3963 Corculum
893 3893 1280 3965 minimum
1344 3896 1420 3966 in
1473 3890 1777 3992 superna
1831 3894 2135 3965 cavitate
2188 3889 2378 3987 peri-

103 4078 112 4097 .
165 3982 452 4101 ⁹spei-mi
518 3989 764 4064 cornei
838 3991 1106 4091 magni.
1178 3989 1421 4066 Caulis
1484 3989 1912 4092 plerumque
1966 3984 2374 4060 herbaceus.

1874 4107 2017 4203 1²4
