2646 4292
64 55 425 150 -F
644 95 1772 175 UMBELLIFERAE.
2166 123 2308 202 227

132 221 591 333 LACQECIA‚
633 240 771 332 Ι..)
810 239 1293 331 ,(ἶυΜιΝοῑῠεεκ
1331 239 1408 310 Τ.
1444 244 1476 274 *
1526 240 1705 333 Calix
1757 241 1976 320 5·fidus
2005 290 2025 319 ‚
2080 243 2315 336 laciniis

206 319 892 411 capillaceo-multifidis..
905 319 1101 410 Peraia
1123 320 1410 380 breviora
1430 338 1713 382 2-corn1a.
1727 320 1935 401 Stylus
1958 324 2023 385 ὃ(
2042 323 2247 404 stigma
2263 344 2315 387 1.

205 397 415 461 Semen
455 421 479 460 1
523 398 754 490 lacinus
783 398 1049 459 calicims
1071 413 1453 490 coronatum.
1493 401 2010 492 UmbcHafimplex‚
2035 404 2312 464 involucro

203 477 447 617 ‘'Cap'iissi'
473 477 1791 633 5¹²32253322255ff‘70ffl‘152‘li-‘325⁰
1806 483 2315 620 exat-’siffdiz'ssaz‘

115 675 128 682 -
194 579 398 697 'heyam
423 579 592 719 stylltp
616 634 670 695 δ’
694 579 896 718 simque
943 637 1103 696 unico
1127 600 1215 696 ’ab
1268 635 1630 715 Umbelliseris
1675 637 1978 720 a'istzrepans
2004 684 2023 715 ‚
2062 582 2316 700 {autimi

201 719 373 798 affine.

208 862 358 922 085.
383 862 873 924 Umbelliferarurn
897 863 1211 925 distributio
1232 884 1296 923 ac
1315 861 1655 940 designatio,
1672 864 1845 938 qualis
1871 861 1963 925 bic
1989 866 2312 942 exhibetur,

145 937 357 1013 integrae
403 959 594 999 earum
631 943 840 999 notitiae
875 943 949 998 im
989 960 1049 998 ar
1089 958 1239 997 extat
1268 937 1573 1011 seriemque
1610 939 1790 1001 mimis
1818 942 2121 1001 naturalem
2154 944 2318 1014 exbi-

141 1010 239 1069 bet.
278 1015 359 1071 Ex
402 1014 697 1073 involucris
732 1015 881 1072 enim
922 962 1072 1088 ligna
1112 1013 1360 1086 quaedam
1407 1012 1615 1084 solida,
1654 1010 1748 1073 sed
1787 1015 1940 1085 plura
1986 1036 2217 1076 erronea
2248 1040 2313 1079 ac

140 1084 294 1146 facile
338 1088 488 1144 varia
531 1088 912 1159 deducuntur,
958 1087 1085 1145 etim
1135 1084 1343 1156 species
1392 1107 1726 1163 congeneres
1766 1090 2159 1163 nonnunquam
2198 1094 2317 1153 alia:

143 1158 237 1218 sint
269 1161 665 1233 involucratae,
710 1162 830 1220 aliae
885 1162 1061 1226 nudae.
1103 1163 1405 1231 Pratcipuos
1438 1162 1495 1219 iu
1534 1163 1668 1218 flore
1719 1167 1773 1220 &
1820 1160 2001 1220 stu-stu
2036 1169 2317 1239 vegetan-

144 1236 266 1293 tium
295 1237 546 1294 omniurn
585 1234 819 1309 ideoque
857 1232 1353 1293 Umbelliserarurn
1381 1235 1677 1293 caracteres
1706 1235 1819 1295 indi
1863 1237 1961 1295 itat
1984 1237 2314 1300 observatio.

144 1311 355 1368 Horum
390 1310 631 1380 primarii
679 1312 734 1368 in
777 1308 1034 1366 omnibus
1066 1305 1450 1366 Umbelliferis
1499 1308 1666 1367 iidem
1690 1355 1708 1380 ‚
1747 1255 1929 1368 ordini
1968 1309 2312 1387 designando

143 1385 455 1453 praevaleut,
484 1387 596 1457 jam
637 1384 775 1442 tales
808 1381 963 1454 supra
999 1385 1312 1442 memorati.
1350 1381 1706 1441 secundarios
1736 1386 2005 1457 genericis
2036 1385 2313 1460 definitio-

144 1456 294 1516 nibus
336 1456 666 1516 addicendos
706 1455 964 1516 exhibent
994 1456 1216 1515 diversae
1257 1477 1434 1528 partes
1475 1455 1547 1514 ab
1582 1457 1875 1548 Anguibus
1917 1456 1989 1516 ad
2027 1460 2315 1523 arbitrium

146 1523 380 1604 seleGae,
425 1530 621 1604 nempe
667 1532 854 1601 calix,
894 1531 1145 1599 corolla,
1187 1531 1534 1589 involucrum
1576 1538 1681 1589 διε.
1716 1579 1732 1602 ,
1770 1530 1865 1590 sed
1908 1552 2001 1592 eos
2032 1536 2088 1608 in
2131 1532 2315 1595 frusta

147 1603 462 1675 potiffimtim
500 1606 821 1677 quaerendos
860 1603 1048 1663 suadet
1089 1624 1282 1663 natura
1311 1604 1620 1677 docentque
1648 1605 1982 1664 Morisonius
2004 1654 2020 1678 ‚
2065 1611 2317 1668 Tourne·

149 1675 373 1749 fortius,
416 1681 691 1748 RivinuS,
728 1679 983 1738 Hallerus
1027 1687 1080 1736 &
1123 1678 1265 1736 inter
1311 1679 1642 1737 recentiores
1685 1681 1986 1739 accuratior
2022 1685 2318 1744 Crantzius

148 1751 617 1812 Umbelliferarum
649 1749 1060 1826 monographus
1078 1795 1096 1820 ,
1126 1748 1521 1824 Cuss'oniusque
1550 1756 1698 1818 cuius
1718 1752 2006 1824 posthuma
2028 1755 2094 1814 de
2119 1752 2316 1816 iisdem

150 1824 431 1886 differtatio
485 1830 539 1886 in
587 1828 707 1886 Atst.
769 1831 893 1885 Soc.
940 1825 1098 1883 Med.
1153 1830 1273 1884 Par.
1328 1838 1459 1899 1782
1515 1824 1720 1895 prodiit
1762 1847 1919 1885 excer
1958 1845 2012 1886 ta
2045 1872 2068 1897 ,
2122 1833 2315 1906 magni

151 1903 336 1961 nuncia
375 1901 557 1975 operis
595 1902 786 1960 inediti
812 1945 829 1964 ,
865 1921 931 1957 ex
965 1898 1072 1972 qua
1107 1897 1335 1972 sequens
1369 1897 1642 1958 delibatur
1662 1897 1870 1960 fruitus
1894 1848 2204 1976 discriptio.

209 1975 422 2048 Duplex
461 1978 521 2035 in
550 1973 1041 2034 Umbelliferarum
1075 1969 1281 2032 semine
1318 1969 1627 2044 superficies
1662 1998 1675 2033 ε
1715 1975 1885 2034 altera
1920 1977 2146 2036 interior
2179 2000 2318 2037 con-

149 2049 322 2126 jugato
369 2047 562 2111 semini
608 2048 835 2108 obversa
874 2045 1205 2121 commifficra
1253 2047 1397 2106 dieta
1424 2088 1446 2122 ‚
1491 2048 1658 2106 latior
1709 2049 1945 2108 omnino
1994 2048 2173 2111 clausa
2220 2072 2314 2112 aut

150 2123 412 2202 angustior
447 2123 706 2185 lateribus
738 2123 950 2195 hiulca,
989 2118 1225 2198 gibbosa
1262 2141 1355 2181 aut
1389 2121 1738 2195 complanata
1771 2142 1863 2184 aut
1899 2127 2315 2188 concavas-arie

152 2217 427 2271 excavata3
460 2201 635 2259 altera
673 2197 975 2271 superficies
1003 2199 1239 2256 exterior
1261 2195 1488 2255 dorsalis
1509 2199 1988 2271 quinquelineata,
2030 2222 2124 2261 aut
2152 2202 2315 2264 lineis

153 2274 353 2336 deviatis
386 2278 813 2349 quinquejugata
843 2272 935 2332 scu
966 2268 1410 2344 quinquecostata
1432 2313 1449 2339 ‚
1488 2269 1625 2330 striis
1653 2292 1746 2333 aut
1773 2271 1933 2332 sulcis
1964 2295 2199 2349 quatuor
2228 2279 2317 2335 in-

154 2349 404 2422 terpofitis
433 2366 679 2409 exaratur
700 2393 718 2417 ,
756 2345 1030 2406 interdum
1066 2364 1298 2416 quatuor
1327 2346 1447 2404 aliis
1476 2349 1618 2421 jugis
1651 2366 1746 2406 aut
1778 2346 1939 2408 costis
1979 2348 2312 2410 secundariis

154 2422 206 2481 in
233 2422 438 2501 fingulo
481 2420 632 2482 sulco
668 2421 985 2493 prominulis
1014 2417 1290 2479 instrudia.
1322 2417 1505 2479 Costa:
1540 2422 1842 2493 primariae,
1874 2422 1996 2481 sunt
2020 2423 2138 2483 duae
2167 2445 2316 2483 mar-

155 2496 380 2570 ginales,
424 2496 544 2556 duae
580 2496 825 2554 laterales
849 2543 870 2568 ,
906 2514 1016 2553 una
1058 2493 1282 2553 dorsalis
1317 2515 1338 2564 3
1376 2490 1701 2558 secundaria:
1745 2494 1869 2554 sunt
1909 2495 2027 2556 duae
2065 2498 2314 2558 laterales

159 2572 523 2648 marginalibus
561 2572 827 2643 primariis
866 2570 1122 2641 proximae
1144 2614 1162 2639 ,
1209 2567 1329 2627 duae
1368 2563 1604 2627 dorsales
1639 2568 1837 2628 dorsali
1872 2572 2039 2642 priori
2075 2573 2315 2631 vicinio-

158 2663 268 2716 res;
304 2665 542 2719 utraeque
588 2664 729 2701 nunc
776 2645 972 2711 undre,
1019 2662 1164 2700 nunc
1205 2639 1432 2699 seorsim
1475 2661 1567 2700 aut
1606 2640 1761 2701 simul
1796 2645 1851 2701 in
1891 2645 2004 2703 alas
2040 2664 2133 2703 aut
2171 2648 2312 2717 pilos

155 2718 416 2780 aculeosve
450 2718 745 2793 produssae.
782 2717 986 2775 Eadem
1015 2713 1234 2775 seminis
1273 2712 1579 2787 superficies
1614 2716 1707 2774 vel
1740 2717 1972 2776 omnino
2002 2716 2228 2778 dorsalis
2254 2730 2311 2779 &

158 2794 281 2852 varie
321 2794 644 2867 prominens
680 2788 920 2863 ideoque
968 2792 1130 2861 plana
1181 2808 1273 2847 aut
1325 2810 1568 2848 convexa
1624 2809 1717 2847 aut
1769 2788 1943 2865 gibba
1990 2811 2084 2851 aut
2123 2791 2312 2853 hemi-

159 2862 190 2921 s
211 2864 392 2928 baerica
412 2914 429 2938 ,
459 2867 549 2926 vel
582 2865 728 2942 juxta
759 2864 937 2923 costas
966 2864 1246 2935 primarias
1277 2863 1524 2922 laterales
1562 2863 1818 2938 angulata
1853 2863 1916 2923 fit
1958 2867 2145 2925 medio
2176 2869 2313 2927 dor-

224 2963 293 3014 is,
321 2944 573 3014 utrinque
606 2939 840 3001 lateralis
864 2987 881 3011 ,
913 2936 1171 2997 lateribus
1198 2957 1298 3008 pro
1327 2957 1520 2996 mutuo
1556 2934 1912 2997 commissurae
1939 2948 1991 2998 &
2023 2938 2162 3000 dorfi
2189 2942 2314 3002 dia-

160 3030 312 3075 metro
392 3015 627 3075 arallelis
655 3033 749 3072 aut
781 3010 1199 3071 conniventibus
1230 3028 1323 3070 aut
1354 3011 1681 3070 divaricatis.
2322 3014 2329 3023 '

215 3091 310 3148 His
347 3040 508 3165 (ignis
541 3087 762 3160 aliisque
803 3090 860 3145 in
899 3088 1118 3145 Autoris
1149 3084 1519 3144 dissertatione
1557 3082 1817 3145 attentitis
1855 3087 2184 3161 inquirendis
2211 3111 2314 3148 ve-

164 3160 306 3223 riores
335 3161 640 3224 elucescent
664 3158 1153 3220 Umbelliferarum
1197 3161 1493 3219 carac'tetes
1518 3207 1536 3233 ,
1575 3168 1631 3218 δε
1669 3158 1872 3232 species
1910 3161 2164 3236 quaelibet
2190 3186 2314 3236 pro-

163 3237 269 3302 priis
298 3238 587 3313 generibus
625 3234 1021 3296 submittentur.
1079 3235 1329 3307 iteranda
1378 3234 1546 3309 igitur
1578 3234 1636 3292 iu
1671 3237 1811 3293 vivis
1856 3235 2155 3307 specierum
2193 3239 2314 3296 col-

164 3305 308 3376 latio.
354 3309 595 3385 sepositis
635 3313 900 3385 generum
937 3308 1338 3369 hodiernorum
1370 3306 1803 3379 definitionibus,
1840 3331 1952 3368 non
1989 3329 2169 3369 tamen
2212 3332 2316 3369 ne·

137 3381 329 3509 ιᾷίςᾶἱς
371 3383 748 3463 praecefforum
805 3382 1303 3442 observationibus.
1363 3381 1633 3458 Quaedam
1688 3384 1803 3442 nim
1859 3387 2084 3458 propria:
2119 3427 2137 3453 ,
2193 3385 2311 3443 ttim

127 3458 130 3529 l
191 3461 475 3531 requentitis
507 3483 573 3520 ex
608 3457 940 3519 Cufl'oniani't
973 3455 1339 3516 differtationc
1380 3461 1755 3531 Autorumque
1781 3458 1930 3517 libris
1957 3460 2148 3517 elicita:
2171 3459 2316 3532 adji-

171 3529 352 3595 ciuntur
377 3536 677 3594 Linnaeanis
711 3534 962 3627 placitiS,
1003 3530 1335 3602 perficiendo
1371 3530 1553 3589 ordini
1594 3531 1890 3605 profuturae
1912 3578 1931 3605 ‚
1978 3533 2170 3605 quibus
2211 3532 2316 3593 ad-

171 3598 279 3664 dant
313 3610 485 3672 caeteri
512 3629 747 3683 operosa
784 3617 837 3668 &
879 3606 1059 3666 minus
1087 3606 1243 3680 grata
1278 3602 1643 3681 disquisitione
1681 3628 1793 3667 non
1822 3608 2081 3668 deterriti.

1094 3818 1348 3904 Q
