2646 4292
2093 64 2112 93 ἱ

2129 134 2295 228 xxiij

126 289 524 364 constituens,
562 290 711 355 huic
751 307 949 355 tamen
991 291 1428 374 promovendae
1472 291 1791 372 plurimum
1836 291 2067 356 confert
2093 337 2116 364 ,
2164 262 2303 357 i¹deo

128 411 256 454 non
287 393 640 475 aspernanda
672 393 769 456 sed
810 395 1168 457 elaboranda
1206 395 1542 457 accuratius
1561 437 1582 465 ‚
1608 411 1675 455 ut
1715 390 1970 454 faciliori
2001 394 2309 459 locutione

125 492 572 572 conjunfflores
606 494 879 557 Botanici
909 495 1114 557 mutua
1148 494 1487 577 promptius
1512 493 1857 555 erudiantur
1883 492 2310 559 observatione

125 612 228 656 aut
256 596 663 660 meditatione.
709 596 875 658 Nihil
922 596 1062 660 utile
1090 616 1165 658 ex
1194 597 1486 659 Veterum
1535 595 1768 678 scriptis
1803 596 2161 672 eruendum,
2198 601 2303 680 qui

124 714 233 758 nec
264 714 434 779 aptas
471 697 689 779 saepius
711 700 1137 782 descriptiones
1159 719 1265 764 nec
1285 701 1527 762 nomina
1547 697 1936 761 immutabilia
1965 699 2302 780 protulere,

127 794 187 855 ez
221 797 365 859 inde
413 799 613 881 piures
648 785 866 861 horum
899 800 1114 882 plantae
1155 802 1215 860 in
1254 798 1363 862 usu
1400 800 1634 863 medico
1680 814 1935 879 receptae
1975 817 2131 861 nunc
2172 800 2303 861 nul-

123 895 351 961 latenus
398 899 779 961 innotescunt
818 898 1042 963 defefflt
1081 919 1374 964 accuratae
1420 887 1844 982 descriptionis
1901 899 2018 960 His
2072 897 2304 961 succes-

128 994 252 1061 sere
284 1000 411 1060 viri
441 1001 507 1061 in
548 1020 613 1062 re
637 1001 916 1062 botanica
958 1002 1274 1082 peritiores
1298 1048 1315 1076 ‚
1363 1001 1461 1063 sed
1489 1002 1751 1064 nondum
1791 1000 1970 1064 certis
2001 999 2158 1061 circa
2197 996 2338 1061 no?

126 1101 589 1163 menclationem
621 1102 928 1182 principiis
954 1102 1143 1163 innixi
1173 1102 1318 1165 &in
1358 1102 1760 1164 describendis
1793 1101 2007 1182 plantis
2037 1114 2311 1161 contrac-

128 1198 307 1264 tiores
344 1221 451 1264 aut
496 1201 690 1265 diffusi
735 1202 960 1277 nimiS‚
1002 1204 1266 1266 medium
1311 1220 1514 1266 tenere
1554 1201 1751 1263 nescii.
1786 1200 1966 1263 Nec
1952 1203 1994 1262 ιί
2030 1199 2312 1283 profuere

130 1300 377 1363 scientia
390 1305 543 1384 ‚qui
582 1302 974 1384 descriptione
1009 1304 1071 1366 &
1103 1306 1348 1366 nomine
1382 1304 1550 1366 simul
1575 1303 1903 1382 conjunctis
1941 1303 2169 1384 plantas
2204 1302 2309 1364 de·

131 1390 427 1483 signabant
464 1402 815 1466 definitione
860 1404 1107 1486 phrasim
1137 1423 1444 1487 integram
1482 1405 1867 1487 adaequante,
1907 1423 2041 1484 quae
2089 1402 2306 1486 speciei

130 1505 504 1567 nominandae
534 1504 867 1587 prolixior,
907 1505 1357 1568 describendae'
1345 1525 1534 1588 impar
1573 1508 1818 1570 evadit:
1854 1507 1991 1568 inde
2031 1504 2310 1568 mendosa

131 1605 519 1684 praecedentis
560 1596 741 1669 seculi
793 1607 1197 1670 nomenclatio
1253 1610 1286 1668 a
1322 1605 1763 1687 Tournefortio
1804 1616 1833 1644 ⁴
1871 1605 2110 1668 admissa
2154 1625 2305 1688 pro·-

128 1706 412 1785 gredienti
453 1704 718 1771 scientiae
764 1727 996 1772 moram
1037 1709 1413 1791 interposuit.
1451 1711 1611 1772 Huic
1650 1707 1798 1770 vere
1835 1708 2151 1769 maximam
2175 1707 2312 1771 tulit

130 1824 297 1890 opem
319 1809 642 1887 Linnaeus,
662 1810 802 1872 ditm
823 1809 1033 1872 solutis
1059 1810 1354 1892 phrafium
1381 1810 1790 1871 botanicarum
1807 1809 2061 1869 vinculis
2083 1809 2309 1888 plantas

131 1928 335 1974 omnes
364 1911 589 1994 duplici
622 1910 854 1973 tantitm
884 1909 1170 1992 inscripsit
1200 1911 1476 1986 nomine,
1508 1910 1696 1971 altero
1736 1909 2019 1990 generico
2055 1907 2311 1988 substan-A

134 2011 270 2072 tivo
287 2058 306 2085 ‚
334 2012 525 2074 altero
553 2011 855 2093 adiefflvo
885 2010 985 2074 seu
1020 2012 1300 2094 specifico
1318 2058 1336 2087 ,
1361 2010 1685 2073 caracteres
1709 2009 1996 2092 praeterea
2022 2009 2309 2072 exhibens

131 2110 191 2173 in
220 2110 623 2195 descriptione
652 2113 982 2196 vadaequata
1008 2161 1027 2190 ,
1052 2110 1274 2177 ‘verbis
1329 2113 1785 2196 sgnificantibus
1817 2159 1836 2188 ‚
1877 2110 2057 2172 multa
2103 2111 2310 2193 paucis

133 2215 463 2295 exprimens
500 2214 638 2276 stilo
679 2215 975 2278 technico.
1025 2215 1282 2296 Regulas
1337 2214 1575 2297 insuper
1624 2229 1748 2286 tum
1803 2211 2307 2273 nomenclationis

130 2329 248 2376 tum
294 2315 714 2399 descriptionis
752 2317 992 2378 tradidit
1026 2361 1047 2387 ,
1089 2316 1399 2397 plerasque
1442 2316 1702 2397 optimas
1742 2317 1806 2377 &
1844 2313 2164 2394 generatim
2205 2314 2306 2373 ad·-

130 2414 438 2479 mittendas
463 2460 486 2487 ,
542 2414 821 2498 quasdam
863 2415 1024 2480 forte
1076 2417 1463 2479 infirmandas
1493 2415 1517 2455 ὓ
1551 2416 1615 2478 &
1655 2416 1880 2498 ipsimet
1915 2434 2036 2475 non
2080 2415 2293 2477 sacraS.

128 2513 219 2578 Sic
260 2516 517 2598 sapienti
564 2517 743 2598 hujus
789 2517 1058 2581 instituto
1098 2537 1318 2579 nomen
1361 2518 1657 2600 genoricum
1698 2516 1813 2579 esse
1859 2517 2031 2577 debet
2078 2516 2304 2576 immu-

194 2820 223 2847 ·
256 2803 359 2863 Ille
391 2820 576 2864 tamen
616 2804 1114 2865 nomenclationem
1149 2803 1548 2886 emendandam
1573 2802 1851 2879 judicans,
1875 2798 2056 2859 aiebat
2079 2801 2134 2857 in
2157 2795 2300 2874 Isag.

131 2918 244 2972 pag.
270 2909 363 2972 ⁶3·
391 2905 465 2971 64
490 2922 506 2958 ε
533 2900 784 2959 Nomina
812 2897 935 2961 sunt
967 2900 1215 2972 quadam
1248 2899 1419 2960 veluti
1445 2897 1788 2958 definitiones
1812 2941 1831 2965 ,
1869 2911 2095 2968 quarum
2125 2897 2300 2966 'prima

129 3013 228 3053 vox
257 3013 467 3067 genus,
490 3013 693 3055 caeterae
725 2992 1093 3056 differentiam
1127 2998 1506 3067 exprimunt.
1541 2994 1847 3053 ‚Nomina
1857 2990 1958 3050 sint
1992 2990 2178 3049 brevia
2198 3034 2213 3047 .
2236 3031 2253 3047 .
2278 3034 2294 3048 .

130 3110 272 3147 nonu
274 3091 389 3151 :ila
416 3091 710 3160 prolixiora
734 3094 825 3152 vix
858 3111 973 3151 uno
996 3090 1182 3166 spiritu
1215 3089 1462 3152 sustineri
1494 3086 1796 3163 possunt..
1821 3086 2016 3147 ‚Aliud
2039 3086 2119 3146 est
2141 3086 2297 3159 plan-

130 3204 231 3245 tam
250 3187 572 3260 appellare,
593 3187 744 3247 aliud
766 3184 1101 3264 describere.

190 3304 215 3345 e·
249 3283 337 3342 Sic
376 3284 653 3345 vocabula
689 3306 753 3345 ex
790 3305 970 3362 graeco
1009 3295 1062 3347 &
1104 3287 1276 3346 latino
1312 3283 1470 3344 fonte
1510 3305 1620 3342 non
1660 3282 1894 3343 deduCia
1931 3301 2075 3340 nunc
2114 3277 2293 3351 palam

88 3380 294 3451 ‘reiicit
334 3400 482 3439 nunc
517 3382 711 3454 recipit
752 3380 987 3444 facilitis.
1028 3386 1115 3443 Sic
1156 3383 1325 3442 etiam
1365 3382 1660 3442 vernacula
1691 3377 1981 3438 excludens
2017 3377 2245 3435 nomina
2270 3419 2291 3445 ,

125 3471 242 3532 licet
278 3473 593 3536 barbariem
623 3496 734 3536 non
765 3478 1050 3538 redoleant
1076 3477 1372 3552 antiquittis
1410 3495 1624 3550 recepta
1662 3483 1716 3533 δε
1753 3473 1918 3533 latine
1957 3470 2294 3541 desinentia,

126 3569 402 3644 supprimit
451 3571 813 3633 Adhatodam
834 3621 855 3647 ,
911 3573 1171 3635 Calabam
1198 3618 1217 3641 ‚
1260 3573 1474 3633 Ce‘ibam
1500 3619 1518 3646 ,
1587 3572 1930 3654 Gunzumam
1956 3613 1975 3640 ‚
2037 3564 2251 3643 Isbram
2273 3614 2293 3640 ,

125 3665 412 3728 Kermiam
433 3717 450 3742 ,
489 3669 930 3748 Manfanillam,
971 3669 1401 3741 Guanabanum,
1432 3668 1752 3729 Gua‘iavam
1777 3712 1796 3736 ,
1834 3664 2125 3744 Papayam
2146 3708 2164 3733 ,
2197 3664 2299 3722 Sa·

118 3785 341 3839 potam,
394 3766 635 3841 Tapiam
657 3762 759 3826 &a
789 3812 808 3839 ,
841 3766 1035 3841 quibus
1082 3757 1170 3826 sua
1203 3763 1505 3837 substituit,
1544 3763 1613 3823 ab
1653 3761 1833 3821 edicio
1873 3779 2057 3819 tamen
2098 3759 2297 3830 princi·

123 3864 209 3934 pio
227 3863 445 3924 aliunde
469 3862 762 3923 deflefiens
778 3862 1010 3922 admissis
1031 3862 1365 3934 Mammea,
1399 3860 1624 3939 Bafivlla
1645 3905 1661 3932 ,
1696 3857 1906 3930 Yuccd,
1929 3856 2132 3929 Ηιινᾶ,
2180 3854 2290 3915 Tu-

126 3956 274 4034 ὗρᾶ,
331 3959 631 4036 Curcurmi,
665 3959 877 4034 Genipd
910 3954 1009 4020 &c-

1811 4049 1983 4122 biv
