2646 4292
40 1941 205 2007 Regna
221 1953 311 1992 na-

9 2022 133 2058 turc.

361 74 410 151 ¹)
670 142 679 150 .

353 190 815 279 uniuscujusque
846 189 1125 271 corporis
1154 206 1504 272 compagem
1533 187 1598 252 &
1624 186 1949 270 existentiae
1983 187 2226 253 modum
2266 184 2541 270 specialis

353 294 654 379 exprimit.
698 294 871 356 Hanc
913 294 1016 356 sub
1050 294 1251 376 primo
1296 291 1564 375 respeGu
1612 291 1655 354 fi
1696 292 1833 373 quis
1877 292 2160 372 integram
2196 289 2297 351 sibi
2342 289 2540 351 fidens

350 395 565 460 audeat
600 394 943 476 capeffere,
983 395 1217 455 animos
1254 392 1352 455 ille
1391 392 1596 474 grandi
1625 392 1914 454 detinebit
1938 408 2223 473 apparatu
2256 392 2318 453 &
2349 389 2542 470 splen·

342 480 499 561 ‘dido
543 497 753 559 illiciet
797 494 1069 560 sermone
1105 494 1457 597 idoneisque
1497 494 1748 572 verbis3
1786 493 1880 557 sed
1923 494 2153 556 fincero
2187 510 2384 557 rerum
2424 513 2533 555 na-

350 601 631 665 turalium
677 598 1091 681 investigatori
1125 617 1247 660 non
1271 596 1505 660 sufficit
1538 617 1742 660 earum
1775 595 2200 679 compendiosa
2239 596 2536 659 delibatio

336 684 456 766 ¹tint
497 702 772 783 cognitio
814 699 1110 762 inchoata.
1161 698 1275 781 Ipsi
1330 698 1626 760 noscenda
1684 698 1850 780 prius
1908 698 2268 779 (iugulorum
2321 714 2535 765 natura

345 821 677 885 corporum
715 801 999 866 omnibus
1030 799 1162 863 suis·
1188 800 1461 882 partibus
1498 799 1810 875 absoluta,
1849 818 2027 882 quam
2053 799 2343 861 definiunt
2376 817 2536 882 prae-

345 903 526 986 cipue
566 901 943 966 elementaris
980 900 1344 983 compositio
1386 902 1449 963 &
1489 900 1774 981 organica
1804 896 2051 960 fabrica.
2097 898 2241 961 Inde
2287 897 2533 966 scientia

347 1004 614 1086 duplex,
655 1004 1090 1067 elementorum
1128 1001 1192 1063 δι
1228 1019 1595 1082 organorum
1619 999 2073 1101 distinffiffima,
2107 1002 2338 1063 altera'
2327 1021 2385 1062 in
2414 1000 2534 1065 ele·

341 1106 557 1169 mentis
594 1104 856 1168 indolem
895 1105 960 1166 δι
992 1122 1306 1166 numerum
1328 1105 1388 1165 &
1411 1103 1877 1184 proportionem
1911 1102 1971 1163 δι
2015 1100 2283 1165 mutuam
2326 1104 2528 1165 affini-

340 1220 524 1271 tatem
571 1212 973 1286 computanS,
1026 1202 1215 1266 altera
1254 1203 1318 1264 in
1365 1201 1620 1285 organis
1652 1218 1949 1265 texturam
2000 1204 2063 1265 &
2107 1208 2421 1267 numerum
2460 1205 2531 1267 δε

342 1306 792 1389 dispolitionem
845 1304 910 1366 δι
965 1301 1360 1385 praestantiam
1403 1303 1468 1364 δι
1503 1302 1870 1385 reciprocam
1912 1304 2211 1366 afflonem
2258 1306 2533 1369 metiens.

339 1407 905 1489 Rejiciendafligitur
941 1421 1118 1469 vetus
1139 1404 1387 1486 triplicis
1416 1392 1971 1489 Regni'distinfiiio,
1989 1407 2210 1489 nempe
2241 1408 2533 1470 Animan-

340 1510 539 1589 tium«,
586 1508 1011 1591 Vegetantium
1045 1506 1107 1569 δι
1144 1506 1532 1570 Mineralium
1563 1551 1585 1579 ,
1617 1508 1717 1571 cui
1768 1508 1988 1570 reffius
2019 1508 2390 1572 substituitur
2432 1531 2532 1574 re·-

307 1631 315 1638 ·
345 1613 578 1675 centior
602 1611 852 1692 partitio
879 1601 947 1670 in
981 1607 1251 1689 Regnum
1294 1609 1646 1689 organicum
1674 1608 1736 1670 &
1757 1607 2030 1690 Regnum
2063 1609 2478 1692 inorganicum
2509 1658 2535 1689 ‚

341 1713 482 1776 hinc
522 1713 842 1778 Mineralia
876 1710 1042 1789 sola,
1083 1711 1247 1773 illinc
1288 1711 1637 1774 Animantia
1682 1730 1821 1775 cum
1864 1713 2299 1793 Vegetantibus
2341 1731 2525 1776 com-

341 1816 620 1899 deciens,

418 1916 828 1999 Inorganicam
867 1913 1249 1978 Mineralium
1281 1930 1555 1977 naturam
1577 1916 1884 1980 constituit
1913 1935 2239 2002 compages
2268 1917 2530 1997 elemen-

339 2037 542 2092 torum
573 2020 633 2080 in
669 2015 909 2080 diversa
936 2018 1288 2080 coeuntium
1320 2017 1505 2080 mixta
1534 2037 1797 2099 quorum
1837 2018 2299 2101 juxtapofitione
2334 2022 2528 2085 mine·

338 2121 464 2186 rale
502 2138 726 2204 corpus
770 2121 1008 2203 exurgit
1031 2165 1057 2191 ‚
1093 2118 1459 2203 adaugetur,
1495 2120 1852 2203 perficitur·,
1895 2123 2112 2204 quibus
2154 2122 2355 2204 postea
2397 2123 2523 2194 dis-

337 2225 555 2306 junctis
592 2222 857 2285 vicissim
893 2221 1247 2298 destruitur,
1268 2222 1595 2286 recentiori
1626 2242 1784 2288 nexu
1827 2224 1886 2284 in
1926 2243 2091 2286 nova
2129 2227 2526 2291 concrescens

338 2345 601 2408 corpora
649 2344 774 2387 non
816 2323 924 2404 ipfi
964 2342 1178 2385 coaeva
1215 2322 1315 2385 sed
1354 2343 1432 2388 ex
1478 2323 1740 2403 ejusdem
1783 2325 2005 2388 detritu
2047 2324 2195 2407 fast?
2221 2371 2242 2400 ,
2276 2326 2525 2390 distinc-

338 2426 617 2490 riffimum
652 2427 730 2488 ab
770 2443 906 2489 ente
943 2427 1235 2506 organico
1271 2424 1424 2488 infre
1458 2426 1815 2491 definiendo.
1860 2427 1924 2489 In
1969 2429 2359 2491 examinanda
2395 2429 2525 2492 Mi-

336 2527 626 2595 neralium
659 2524 860 2588 forma
884 2526 945 2587 δι
978 2526 1277 2608 politione
1299 2519 1509 2589 niutud
1532 2525 1785 2596 subsidet
1806 2527 2242 2609 Mineralogia3
2265 2531 2526 2595 ulterius

336 2626 612 2709 procedit
633 2626 924 2702 Chen-iia,
948 2625 1259 2708 sejungens
1294 2627 1520 2708 analyfi
1562 2648 1891 2711 corporum
1918 2630 2208 2712 principia
2232 2676 2252 2706 ,
2291 2633 2523 2698 horum

337 2727 780 2809 deprehendens
816 2747 1127 2794 numerum
1163 2730 1474 2811 variasque
1517 2730 1838 2794 affinitates
1874 2730 2025 2794 inter
2064 2731 2124 2795 se
2157 2733 2468 2800 conferens
2491 2780 2522 2812 ‚

337 2829 613 2913 &ipsam
636 2828 889 2894 fecunda
920 2829 1289 2912 Syntheseos
1323 2849 1452 2893 arte
1483 2850 1751 2896 naturam
1775 2834 2073 2896 aemulans.

413 2935 472 3012 A
498 2934 969 3014 praecedentibus
989 2933 1184 3014 dispar
1205 2931 1448 3004 scientia
1471 2952 1835 3014 organorum
1861 2935 2183 3016 explorans
2205 2951 2521 3016 naturam,¹

332 3055 458 3099 non
510 3037 571 3098 in
626 3055 842 3101 eorum
900 3036 1207 3118 principiis
1259 3036 1591 3102 scrutandis
1652 3038 1946 3100 incumbit
1997 3059 2132 3121 quae
2193 3038 2517 3105 Chemiam

331 3137 637 3220 speciant,
671 3140 769 3201 sed
813 3139 874 3198 in
915 3138 1156 3218 organis
1200 3136 1455 3200 formam
1488 3137 1552 3199 &
1581 3155 1929 3201 contextum
1966 3141 2028 3201 δι
2071 3141 2217 3203 vitae
2263 3143 2519 3208 modum

331 3238 627 3323 potiflime
670 3236 1056 3301 consefflttur.
1089 3239 1209 3301 Ens
1249 3241 1410 3301 enim
1454 3239 1807 3319 organicum
1856 3260 1932 3302 ex
1976 3239 2181 3304 solidis
2218 3242 2280 3304 δι
2315 3244 2526 3309 fluidis

328 3338 563 3401 constat
580 3340 868 3421 partibus
874 3340 1191 3420 reciproco
1218 3341 1276 3402 in
1314 3341 1419 3404 se
1404 3341 1671 3404 invicem
1693 3341 2005 3423 agentibus
2028 3360 2230 3419 motu,
2253 3364 2515 3425 quarum

328 3439 535 3502 solidae
561 3439 696 3501 aliae
730 3441 948 3502 dantur
965 3443 1230 3519 similam
1270 3441 1735 3524 fimplicffimae,
1776 3444 1910 3508 aliae
1945 3448 2202 3525 organica
2233 3439 2338 3520 ex
2355 3446 2518 3509 fimi-

326 3538 563 3600 laribus
587 3536 785 3612 faaae,
818 3536 1016 3602 fluidae
1052 3541 1206 3603 vero
1241 3542 1397 3603 intr&
1432 3542 1752 3605 solidarum
1783 3544 2105 3608 decurrunt
2134 3543 2374 3609 vascula
2405 3565 2518 3609 aut

324 3638 389 3700 in
425 3657 628 3701 earum
675 3640 905 3703 cellulis
943 3641 1279 3704 confistunt.
1332 3641 1492 3708 Illud
1520 3663 1593 3705 ex
1638 3663 1971 3725 congenere
2010 3652 2214 3709 natum
2246 3692 2264 3720 ,
2297 3649 2516 3712 crescit

318 3739 682 3820 praecedenti
723 3739 1039 3804 conforme
1065 3787 1084 3814 ‚
1124 3743 1437 3824 principiis
1488 3744 1818 3809 nutritione
1849 3746 2294 3827 intitssusceptis
2342 3749 2511 3811 inva-

314 3842 485 3924 lescit
500 3888 524 3922 ‚
573 3845 779 3908 varias
811 3844 893 3906 ab
932 3862 1151 3912 exortu
1185 3846 1258 3908 ad
1298 3845 1481 3913 finem
1521 3831 1746 3970 pasitur
1794 3848 1964 3912 vices
1981 3894 2002 3926 ,
2034 3848 2314 3912 {ceturam
2359 3866 2511 3930 pro-
