2646 4292
387 126 512 182 XIV

379 246 597 311 eodem
639 242 897 319 inserta3
930 240 1194 308 calicinis
1239 237 1507 327 partibus
1547 242 1840 327 alternans
1881 254 1989 307 aut
2023 244 2218 309 rarius
2261 238 2562 328 opposita.

378 354 465 411 2⁰.
514 349 772 411 Ratione
815 348 1042 410 numeri
1083 340 1338 430 partium
1368 394 1385 422 ‚
1429 347 1641 428 utpote
1668 348 1998 430 -polypetala
2039 348 2249 430 petalis
2292 347 2564 416 definitis

312 432 330 477 χ
374 451 646 515 rai-iusve
687 450 1012 512 indefinitis
1041 492 1059 525 ‚
1099 470 1173 512 ex
1213 466 1410 532 ungue
1437 447 1504 511 δι
1536 449 1757 512 lamina
1801 448 1968 513 fabiis
1994 495 2013 524 ,
2070 466 2172 513 aut
2216 454 2564 534 monopetalae

372 552 606 615 eosdem
628 551 829 615 calicis
860 550 1239 633 monophylli
1275 551 1492 614 modos
1515 551 1864 626 admittenS,
1888 568 2047 615 nunc
2067 551 2364 634 profunde
2396 555 2559 616 mul*

370 655 635 736 tipartita
649 697 668 727 ‚
684 672 836 715 nunc
857 656 1010 715 tubo
1036 651 1280 714 indivisi
1300 652 1365 712 &
1386 651 1578 715 limbo
1591 652 1832 715 definite
1854 653 1957 717 vel
1975 652 2283 716 indefinite
2306 638 2557 731 l‘oban,

334 822 340 825 ,
372 771 633 830 crenata,
646 754 1112 828 dentata,ciliata
1130 769 1233 816 aut
1252 754 1447 817 rarius
1461 754 1703 834 integra,
1721 767 1800 834 30.
1814 752 2315 827 Rationeformae,
2331 756 2555 837 utpote

334 880 339 893 ι
371 856 626 937 νεμίανὶε
676 857 945 938 partibus
990 856 1282 938 oppofitis
1328 855 1745 920 conformibus
1785 857 1850 917 δι
1902 857 2212 940 aequaliter
2247 859 2284 919 a
2332 870 2553 920 centro

368 956 754 1031 distantibus,
790 974 1131 1040 campanam
1152 1003 1174 1034 ,
1208 957 1681 1034 infundibulum,
1717 959 2093 1040 cylindrum,
2131 974 2367 1033 rotam,
2415 977 2552 1020 cra·

370 1075 556 1121 teram
574 1103 598 1129 ‚
643 1059 864 1123 stellam
895 1102 918 1131 ,
957 1078 1198 1133 crucem
1242 1058 1359 1122 διε.
1400 1059 1685 1123 aemulans
1714 1081 1736 1134 3
1772 1077 1875 1122 aut
1918 1062 2222 1143 irregularis
2257 1060 2546 1143 inaequali

370 1161 627 1241 partium
654 1160 1062 1242 oppositarum
1096 1161 1422 1223 intervallo
1447 1163 1513 1224 δι
1533 1161 1820 1224 structura
1845 1207 1866 1238 ‚
1904 1165 2187 1245 perstructa
2218 1161 2548 1226 conficiam

368 1262 579 1325 faciem
625 1260 913 1340 referem,
949 1264 1208 1339 labiata,
1248 1257 1636 1327 corniformis
1658 1310 1677 1340 ,
1720 1264 2128 1348 papilionacea
2150 1310 2172 1340 ,
2206 1265 2307 1326 vel
2351 1264 2547 1347 poly-

369 1364 624 1445 morpha
660 1364 947 1426 anomala.
983 1376 1069 1439 4⁰.
1112 1363 1370 1427 Ratione
1402 1366 1858 1447 proportionis,
1890 1362 2103 1447 utpote
2141 1382 2381 1447 magna,
2415 1386 2546 1428 me·

367 1463 593 1525 diocris
612 1509 631 1539 ,
668 1480 856 1545 parva
876 1508 895 1538 ,
926 1464 1185 1537 calici&
1208 1464 1566 1527 staminibus·
1586 1464 1835 1547 aequalis
1871 1481 1975 1528 aut
2007 1464 2199 1545 major
2230 1465 2535 1528 minorve.

370 1578 458 1647 5⁰.
497 1567 754 1629 Ratione
787 1566 1015 1629 coloris
1050 1568 1363 1631 multoties
1403 1568 1643 1650 quidem
1679 1570 1740 1628 in
1777 1568 2048 1650 plurimis
2081 1568 2274 1643 varii,
2311 1568 2409 1631 sed
2439 1581 2542 1630 te-

367 1671 530 1733 nacis
580 1671 641 1733 in
694 1668 849 1734 bene
893 1670 1112 1732 multis.
1150 1670 1238 1732 6⁰.
1282 1669 1543 1733 Ratione
1592 1669 1832 1733 demum
1872 1672 2130 1753 partium
2171 1668 2542 1753 quandoque

364 1773 697 1835 additarum
714 1819 735 1851 ,
762 1773 968 1855 quales
992 1770 1266 1854 glandula
1283 1815 1307 1844 ,
1329 1771 1549 1849 fovea,
1570 1771 1799 1851 calcar,
1827 1772 2118 1862 appendix
2135 1815 2159 1844 ,
2190 1772 2494 1855 squamula
2512 1819 2539 1850 ,

363 1870 482 1935 seta
516 1873 634 1934 διε.

382 1984 389 1990 “
439 1973 676 2037 Stamen
710 1991 734 2050 ς
782 1973 1104 2037 masculum
1146 1972 1496 2056 Vegetantis
1549 1990 1839 2056 organum
1871 2024 1891 2052 ‚
1940 1973 2244 2037 constituit
2281 1969 2536 2037 anthera

359 2075 605 2160 proprie
640 2072 792 2139 dffla
814 2121 832 2151 ,
856 2074 1247 2152 follicularis,
1283 2074 1428 2137 foeta
1469 2076 1720 2158 polline,
1753 2090 1911 2138 nunc
1933 2074 2129 2140 seflilis
2150 2123 2168 2151 ‚
2212 2092 2369 2138 nunc
2395 2074 2532 2136 fila-

358 2196 565 2242 mento
599 2178 891 2261 stipitata,
921 2179 1091 2260 cujus
1125 2179 1574 2242 considerantur
1609 2192 1692 2240 ιο.
1726 2178 1869 2241 litus
1910 2180 2009 2242 seu
2050 2179 2299 2240 insertio
2336 2179 2534 2242 totius

358 2279 649 2354 staminis,
669 2298 828 2341 nunc
849 2282 1095 2361 pet-igyni
1115 2277 1291 2361 supra
1323 2279 1568 2342 calicem
1593 2295 1696 2342 aut
1718 2281 1971 2362 epipetali
1999 2276 2174 2360 supra
2194 2277 2485 2340 corollam
2507 2326 2532 2357 ‚

355 2401 511 2445 nunc
539 2383 755 2464 epigyni
773 2380 944 2464 supra
972 2379 1251 2462 pistillum
1279 2397 1382 2441 aut
1411 2382 1688 2463 hypogym’
1713 2380 1816 2442 sub
1849 2381 2060 2443 eodem
2096 2378 2332 2450 inserti,
2363 2398 2528 2444 nunc

351 2483 512 2545 affixi
535 2481 701 2544 disco
717 2480 1069 2564 glanduloso
1091 2481 1244 2543 inter
1266 2481 1465 2564 pistilli
1492 2467 1672 2544 bafim
1695 2482 1760 2543 δε
1785 2485 1969 2544 imum
1998 2481 2242 2545 calicem
2265 2497 2486 2544 exorto
2501 2497 2531 2559 ς,

350 2584 540 2648 modo
554 2583 727 2647 calici
742 2601 849 2646 aut
868 2584 1120 2647 corollae
1142 2585 1402 2667 oppositi
1421 2601 1523 2646 aut
1545 2585 1754 2648 alterni
1775 2633 1794 2661 ,
1814 2585 2000 2648 modo
2013 2585 2089 2647 ab
2105 2584 2241 2667 ipfis
2259 2582 2523 2645 alienati.

351 2705 438 2746 20.
464 2681 625 2747 Situs
643 2686 907 2748 anthera
939 2704 1097 2748 nunc
1128 2686 1187 2745 in
1214 2686 1386 2766 apice
1408 2682 1693 2747 filamenti
1722 2689 1965 2760 erec’cae„
1992 2699 2099 2746 aut
2114 2684 2556 2748 incumbentis

348 2784 453 2848 seu
493 2784 792 2848 versatilis
837 2804 1097 2868 utroque
1147 2783 1265 2847 fine
1315 2785 1523 2848 liberae
1567 2804 1670 2849 aut
1708 2785 1871 2868 quasi
1913 2786 2314 2857 umbilicum-3
2359 2804 2525 2848 nunc

344 2886 604 2966 eiusdem
647 2886 818 2949 lateri
839 2887 1067 2950 adnatae
1086 2933 1107 2963 ,
1132 2886 1267 2969 ipso
1303 2887 1597 2950 interdum
1623 2886 1796 2969 supra
1821 2887 2188 2969 prominulo.
2215 2898 2298 2966 3⁰.
2323 2886 2525 2949 Struc-

342 3004 480 3052 tura
492 2990 752 3054 antherae
771 2989 947 3053 extus
966 2988 1235 3051 rotundi
1250 3032 1274 3060 ,
1294 3006 1499 3051 ovatae
1516 3034 1535 3065 ,
1555 2989 1837 3068 oblongae
1849 3005 1878 3065 ,“
1891 2989 2173 3069 sagittatae
2188 3034 2207 3062 ,
2226 2989 2528 3064 bicornis,

341 3090 547 3154 bisetae
566 3139 585 3170 ,
604 3107 864 3158 arcuatae
884 3137 907 3164 ‚
940 3089 1316 3167 reniformiS‚
1346 3091 1609 3172 didymae
1629 3134 1649 3162 ,
1670 3090 2134 3172 appendiculam
2166 3091 2319 3166 δια,
2351 3090 2524 3151 intus

338 3192 499 3275 [πρὸ
548 3195 893 3257 bilocularis
916 3239 940 3265 ‚
987 3195 1176 3256 rarius
1216 3195 1321 3256 uni
1367 3210 1469 3257 aut
1512 3192 2004 3262 multilocularis,
2060 3193 2408 3275 plerumque
2449 3194 2516 3253 in

337 3294 580 3377 longum
624 3296 1022 3372 dehiscentis,
1074 3298 1504 3378 nonnunquam
1560 3296 1729 3378 apice
1774 3295 2012 3378 porosae
2049 3303 2153 3356 aut
2194 3295 2231 3355 a
2272 3292 2390 3354 basi
2434 3292 2514 3354 ad

335 3398 566 3479 apicem
598 3398 904 3461 univalvis
935 3397 1432 3470 auttransvedim
1467 3397 1749 3461 bivaiviS.
1785 3405 1872 3474 4⁰.
1894 3396 2195 3461 Struflura
2221 3391 2514 3458 filamemi

330 3498 493 3582 saepe
530 3500 865 3581 capillatis,
901 3499 1201 3563 interdum
1245 3500 1448 3583 plani,
1489 3501 1915 3577 cuneiformis‚
1947 3499 2171 3563 dentati
2194 3541 2216 3568 ,
2253 3495 2464 3559 hirsuti
2485 3539 2511 3576 ‚

330 3599 731 3683 squamigeri,
773 3602 1099 3684 glandulosi
1153 3602 1270 3666 διε.
1323 3616 1409 3684 50.
1454 3604 1796 3670 Occurrens
1839 3602 2196 3685 quandoque
2240 3599 2504 3681 partium

326 3704 666 3776 connexio,
707 3703 922 3787 nempe
962 3705 1342 3767 antherarum
1375 3706 1626 3768 coalitio
1669 3707 1732 3766 in
1772 3705 2010 3767 unicum
2054 3721 2275 3783 corpus
2318 3702 2503 3763 tubu-

325 3801 551 3881 losum,
583 3803 1372 3887 filamentorum‘colligatio
1421 3808 1483 3869 in
1531 3809 1776 3870 unicum
1820 3825 2111 3887 organum
2155 3793 2358 3867 annuli
2397 3801 2503 3865 vel

325 3906 553 3971 urceoli
593 3906 697 3970 vel
733 3906 861 4000 tubi
895 3907 997 3969 vel
1030 3906 1329 3970 columnae
1365 3908 1648 3972 aemulum
1668 3951 1689 3988 ,
1725 3924 1828 3973 aut
1851 3909 1915 3971 in
1952 3902 2248 3990 duplicem
2293 3902 2500 3979 multi-
