2646 4292
361 154 580 245 xxviij
2215 251 2223 258 Ο

443 294 559 353 Hae
604 291 736 355 sunt
774 292 1230 374 compositionis
1273 292 1665 373 systematicae
1706 292 2182 376 praeceptiones,
2214 290 2555 355 arbitrariae

367 393 606 470 quidem
638 394 698 456 &
725 409 950 455 naturae
989 395 1202 475 partim
1237 409 1680 473 repugnantesff
1709 393 1807 455 sed
1845 394 1904 454 in
1940 394 2178 456 scientia
2212 392 2554 454 adhucdum

366 493 591 553 incerta
642 495 858 568 utiles,
893 515 1040 576 quas
1099 514 1254 556 nunc
1302 494 1510 557 severe
1560 495 1935 574 contraeias,
1990 513 2144 558 nunc
2187 493 2549 556 remiffiore's

364 592 614 674 quilibet
637 596 707 655 ad
738 612 942 655 nutum
983 595 1152 656 varie
1188 597 1627 676 interpretatur.
1649 596 1910 658 Plurima
1937 597 2155 658 exinde
2192 595 2553 679 prodierunt

371 713 446 754 ex
484 694 807 756 intervallo
846 695 1159 775 systemata
1188 741 1206 768 ‚
1253 695 1476 776 singula
1517 697 1688 757 laude
1727 696 1900 777 digna
1941 697 2004 758 &
2036 716 2195 759 certa
2237 698 2552 759 Autorum

370 797 593 875 ingenii
624 814 694 857 ac
731 796 1013 858 dostrinae
1056 797 1271 857 indicia
1298 840 1318 869 ‚
1359 782 1516 860 nulla
1555 813 1750 859 tamen
1786 798 2076 880 praediffis
2108 799 2356 863 omnino
2386 816 2551 858 con-

367 896 586 957 formia
630 896 890 976 regulis,
934 897 1034 959 sed
1079 898 1154 958 ab
1202 897 1407 960 iisdem
1451 898 1584 981 pius
1631 896 1903 960 minusve
1962 898 2351 973 discedentia,
2403 917 2551 986 quae

364 997 506 1059 hinc
532 998 777 1060 diversis
797 998 1022 1059 addicta
1047 1000 1312 1080 partibus
1352 1000 1627 1062 diversos
1660 1020 1865 1062 earum
1899 1001 2117 1063 modos
2147 997 2552 1079 plurimasque

363 1115 636 1179 retegunt
682 1099 999 1161 affinitates
1050 1120 1266 1181 magno
1309 1100 1572 1163 scientiae
1616 1103 2064 1176 emolumentO,
2112 1099 2270 1160 iilinc
2310 1118 2386 1160 ex
2428 1099 2550 1160 ad—

362 1200 542 1260 verso
576 1199 941 1262 instabilibus
981 1203 1178 1262 innixa
1211 1202 1523 1284 principiis
1555 1192 1884 1263 arbitrariae
1915 1201 2061 1283 legis
2099 1201 2315 1262 vitium
2348 1198 2552 1261 scien-

361 1302 583 1381 tiaeque
647 1303 974 1365 artificialis
1038 1303 1389 1366 tenuitatem
1448 1304 1755 1365 evidenter
1805 1302 2187 1367 manifestant.
2247 1301 2550 1382 Singulari

359 1403 629 1465 omnium
662 1404 1029 1483 judicatione
1057 1405 1515 1468 confirmaretur
1555 1406 1859 1488 praemiffae
1893 1404 2221 1468 assertionis
2262 1404 2494 1468 veritas
2515 1450 2547 1477 ,

360 1501 458 1564 fed
510 1506 581 1564 in·
606 1505 680 1563 iis
717 1503 1004 1585 sigillatim
1054 1504 1311 1568 sistendis
1343 1526 1415 1569 ac
1452 1506 1825 1569 discutiendis
1860 1516 1887 1544 ⁴
1926 1508 2237 1569 immorari
2275 1526 2397 1569 non
2442 1527 2554 1570 ex-

361 1603 565 1683 pedit,
610 1623 685 1666 ne
737 1604 988 1668 nimium
1030 1607 1396 1686 producatur
1443 1605 1640 1670 sermo
1693 1607 2134 1670 contrahendus
2180 1610 2243 1670 δι
2284 1609 2343 1668 ἰη
2390 1608 2548 1670 alias

362 1705 590 1766 utiliter
629 1707 1073 1768 convertendus
1112 1709 1546 1770 meditationes.
1594 1706 1861 1770 Sufficiet
1907 1725 2206 1790 utcunque
2243 1707 2545 1788 systema-

363 1818 490 1865 tum
531 1806 685 1866 inter
723 1805 925 1867 omnia
965 1807 1133 1868 certo
1163 1809 1599 1887 praecipuorum
1625 1854 1643 1882 ‚
1680 1805 2170 1869 Tournefortiani
2213 1807 2428 1888 nempe
2474 1808 2542 1870 6<

361 1906 706 1981 Linnaeani‚
751 1907 977 1971 sincera
1003 1908 1301 1988 expositio
1338 1909 1401 1969 ὃ(
1441 1909 1689 1970 collatio
1732 1925 1934 1970 mutua
1971 1908 2041 1971 ssc
2073 1929 2242 1993 :equa
2287 1927 2549 1991 perpen-

363 2004 559 2079 satio,
601 2007 818 2087 quibus
857 2027 932 2068 ex
973 2008 1208 2088 integro
1239 2008 1497 2088 cognitis
1530 2008 1825 2089 patescent
1864 2008 2171 2089 utriusque
2215 2008 2544 2071 commoda

359 2106 422 2169 &
479 2107 901 2185 incommoda,
949 2127 1017 2171 ac
1065 2108 1312 2172 subinde
1366 2109 1554 2172 totius
1603 2108 1770 2172 simul
1820 2109 2214 2191 systematicae
2248 2109 2544 2176 doe‘irinae

359 2209 579 2271 utilitas
617 2210 680 2270 &
715 2211 925 2271 merita
962 2208 1244 2271 stabiliter
1274 2210 1649 2299 definientur.
1686 2207 1691 2216 ⁴

21 2326 314 2377 Tournefor-
432 2311 559 2392 Qui
598 2312 824 2392 primus
856 2311 1091 2392 aptiora
1127 2310 1450 2374 construxit
1483 2331 1700 2393 genera
1735 2312 2204 2376 Tournefortius
2241 2313 2301 2374 in
2338 2312 2541 2376 horto

18 2397 47 2440 ii
123 2400 309 2444 metho-

19 2477 94 2509 MS·

419 2584 448 2612 ⁴
488 2577 828 2657 Quindecim
868 2579 1252 2648 enumerantur
1279 2583 1309 2642 Ξι
1344 2586 1564 2644 Linnaeo
1592 2584 1796 2659 (Claffi
1833 2583 2027 2644 Plant.
2054 2589 2110 2662 ),
2147 2581 2402 2657 disposita
2434 2603 2536 2646 ra-

345 2675 498 2733 tione
533 2677 727 2750 organi
768 2674 1095 2736 methodum
1126 2680 1389 2752 praecipue
1426 2678 1749 2739 definientis.
1791 2686 1926 2740 Suos
1953 2680 1986 2738 ὲ
2012 2679 2188 2738 fractu
2225 2681 2540 2754 praeprimis

342 2767 728 2843 deprompsere
786 2773 1081 2834 caracteres
1123 2775 1455 2848 Caesalpinus
1498 2796 1647 2835 anno
1699 2784 1828 2851 1583
1874 2823 1892 2847 ‚
1941 2771 2274 2864 Motifonius
2333 2785 2479 2838 1680
2510 2823 2533 2851 ,

341 2870 515 2926 Ra'i‘us
562 2875 734 2941 1682,
784 2867 1099 2944 Christopb.
1139 2875 1404 2932 Knautius
1457 2882 1637 2948 1687,
1672 2878 2022 2933 Hermannus
2068 2885 2245 2943 1690,
2283 2871 2539 2932 Boerha-

338 2963 488 3020 avius
525 2977 705 3034 17103
744 2965 775 3024 'a
810 2967 976 3027 calice
1020 2971 1336 3043 Magnolius
1377 2990 1517 3038 1720
1540 3019 1560 3045 ,
1600 2974 1850 3031 Linnaeus
1893 2989 2026 3043 1737
2048 2992 2068 3039 3
2096 2970 2127 3026 ἐι
2169 2966 2378 3026 εοῐοῐῑᾶ
2417 2971 2531 3029 Ri-

335 3060 491 3120 vinus
514 3070 690 3133 1690,
730 3065 1158 3124 Tournefottius
1196 3079 1337 3142 1694
1360 3114 1380 3140 ,
1419 3066 1708 3127 Christian.
1740 3067 2003 3127 Knautius
2046 3076 2223 3139 1716,
2263 3067 2526 3142 Ruppius

341 3164 480 3230 1718
511 3200 531 3224 ,
574 3159 883 3218 Pontedera
926 3181 1063 3233 1720
1085 3210 1102 3234 ,
1143 3164 1452 3239 Ludwigius
1489 3186 1662 3237 17375
1703 3164 1736 3224 *a
1773 3163 2089 3224 staminibus
2125 3174 2178 3223 δι
2212 3165 2533 3236 plantarum

336 3251 460 3312 sexu
502 3255 746 3330 Linnaeus
795 3275 950 3331 1735.
986 3258 1205 3332 Singuia
1242 3256 1358 3318 haec
1395 3263 1449 3318 in
1483 3259 1737 3333 praedicto
1771 3279 1934 3331 opere
1966 3259 2254 3331 systemata
2280 3259 2530 3334 seorsum

337 3350 461 3420 apte*
499 3350 835 3410 delineantur
874 3350 1021 3411 facili
1064 3358 1289 3430 negotio
1327 3351 1693 3427 percipiendi.
1738 3353 2075 3416 Adansonius
2121 3355 2316 3416 eadem
2356 3377 2532 3417 com-
2565 3401 2584 3416 ,-

337 3464 607 3505 memorat
629 3445 875 3516 (Famil.
894 3447 1091 3508 Plane.
1115 3453 1139 3519 >
1167 3499 1185 3521 ,
1205 3449 1401 3511 additis
1427 3453 1543 3511 aliis
1567 3453 1958 3513 recentioribus
1979 3453 2204 3511 exaratis
2232 3450 2530 3523 *aRoycno
2555 3449 2594 3474 ξ
2617 3461 2623 3486 ³

342 3561 478 3612 1740
498 3584 516 3608 ‚
550 3543 784 3600 Hauero
826 3565 960 3618 1742
986 3590 1002 3614 ‚
1031 3547 1307 3605 Morando
1355 3568 1529 3622 1744,
1570 3550 1849 3624 Seguierio
1878 3568 2049 3623 1745,
2081 3546 2525 3608 Wacliendorfio

341 3657 514 3711 1747,
550 3637 805 3696 Heistcro
843 3648 1015 3712 1748,
1034 3640 1350 3701 Gleditchio
1380 3663 1548 3717 1749,
1580 3646 1826 3703 Allionio
1846 3659 1984 3717 1762
2005 3652 2109 3703 διε.
2129 3688 2147 3711 ,
2174 3644 2364 3717 quibus
2391 3641 2528 3706 suos

332 3731 482 3791 addit
504 3733 817 3791 numerosos
846 3731 1285 3796 distributionum
1305 3739 1531 3810 modos,
1557 3738 1621 3797 ea
1660 3737 1918 3797 nimirum
1956 3758 2139 3797 mente
2179 3759 2237 3797 ut
2272 3736 2428 3797 simul
2458 3747 2522 3798 Bc

334 3827 585 3897 exemplo
607 3834 661 3884 8(
686 3849 955 3901 praecepto
993 3831 1341 3893 confirmaret
1377 3834 1599 3897 facilem
1636 3834 1802 3897 nimis
1828 3835 1944 3897 dari
1979 3832 2125 3910 posse
2150 3835 2520 3897 ordinationis

334 3923 625 3985 arbitrario.-
660 3926 1188 3996 multiplicationem.
